3158 5610
385 758 449 829 278
489 804 491 809 «
673 768 921 824 onnrummou
943 770 1155 825 nonnarum

709 1097 892 1165 OOXXIX.
915 1098 966 1164 De
988 1096 1108 1164 eodem

422 1238 524 1293 Sciant
550 1243 710 1309 praesentes
737 1243 767 1293 et
795 1238 898 1304 futuri,
930 1237 1009 1309 quod
1035 1255 1092 1308 ego
1117 1235 1286 1293 Willelmus
1314 1232 1440 1305 Hayrnn

286 1344 293 1357 ·
384 1320 463 1376 illius
491 1322 621 1394 Philippi
641 1323 775 1393 Hayrun,
802 1341 924 1378 assensu
941 1321 1065 1378 Walteri
1090 1320 1190 1376 fratris
1208 1319 1278 1384 mei,
1298 1317 1367 1373 dedi
1387 1335 1440 1389 pro

385 1406 479 1461 saluts
497 1406 601 1461 animm
620 1414 742 1461 memet
767 1408 897 1461 omnium
921 1413 1138 1461 antecessorum
1156 1421 1300 1466 meorum,
1320 1402 1385 1457 Deo
1410 1408 1441 1456 st

282 1519 289 1533 ·
385 1490 518 1545 eeclesiae
550 1491 650 1546 Sancti
676 1491 758 1546 Petri
784 1490 986 1554 Gloueestrim‚
1006 1498 1037 1546 et
1063 1488 1213 1545 monachis
1243 1486 1355 1543 ibidem
1377 1485 1441 1540 Deo

385 1575 589 1640 servientibus,
609 1576 640 1630 in
670 1575 802 1640 liberam,
828 1593 942 1647 puram,
975 1581 1006 1631 et
1035 1579 1206 1646 perpetuam
1235 1571 1438 1635 elemosinam,

384 1667 444 1716 tres
463 1660 593 1729 virgatas
613 1665 699 1714 terrm
717 1659 748 1714 in
766 1659 921 1714 Estleoehe
939 1659 977 1714 ad
1002 1659 1127 1723 laceto,
1152 1675 1221 1714 oum
1239 1661 1302 1712 tota
1319 1654 1440 1727 ospitoli

384 1743 535 1799 mansione
561 1749 592 1799 et
616 1744 785 1814 ourtillagio
810 1750 842 1799 et
865 1743 1046 1798 columbario
1071 1761 1144 1814 quas
1171 1759 1228 1813 ego
1251 1750 1283 1796 et
1309 1746 1440 1796 anteca-

386 1846 465 1883 sores
484 1827 542 1882 mei
560 1829 709 1883 tenuimus
728 1827 763 1882 de
783 1828 932 1898 praedictis
956 1827 1116 1882 monachis.
1165 1824 1243 1880 Dedi
1265 1824 1357 1880 etiam
1382 1823 1440 1878 eie·

385 1913 452 1967 dem
477 1912 627 1966 monachis
655 1918 781 1983 quatuor
807 1913 915 1968 solidos
942 1918 973 1967 et
998 1930 1049 1966 sex
1074 1910 1208 1966 denarios
1233 1926 1346 1964 annuos
1365 1925 1439 1979 quoe

385 1998 511 2052 Thomas
539 1996 664 2068 Hayrun
687 2003 717 2052 et
734 1997 866 2052 haeredes
892 1997 939 2052 sui
957 1996 1101 2051 debebant
1117 1995 1190 2050 mihi
1216 2001 1247 2050 et
1271 1993 1439 2048 haeredibus

384 2083 459 2136 meis
484 2081 643 2136 annuatim.
694 2081 742 2135 Ita
766 2082 881 2137 scilicet
907 2088 942 2137 ut
967 2081 1025 2152 ipsi
1055 2078 1189 2134 monaehi
1219 2078 1349 2133 habeant
1376 2077 1440 2132 haeo

385 2166 490 2231 omnia,
511 2165 584 2221 bene
602 2166 681 2220 etin
699 2183 779 2237 paco,
800 2184 868 2221 eum
885 2165 1033 2237 homagiis
1045 2163 1252 2236 praedictorum
1270 2162 1392 2217 Thomae
1410 2166 1441 2216 et

384 2248 527 2306 Willelmi
553 2256 584 2304 et
601 2248 752 2304 haeredum
779 2255 960 2313 suammet
983 2267 1050 2304 cum
1077 2246 1195 2303 releviis
1220 2245 1391 2310 eorundem,
1410 2251 1441 2299 et

384 2354 451 2392 cum
470 2334 604 2389 omnibus
622 2334 725 2389 liberis
743 2333 1015 2399 consuetudinibus,
1028 2333 1122 2387 libem
1139 2339 1170 2387 et
1188 2331 1290 2403 quieta
1306 2330 1345 2385 ab
1360 2328 1441 2385 omni

384 2420 533 2475 exactione
552 2426 582 2474 et
599 2418 704 2473 elamio
723 2424 753 2473 et
770 2419 917 2473 calumnia
934 2418 992 2472 mei
1011 2416 1059 2472 rel
1078 2415 1229 2472 haeredum
1246 2415 1391 2470 meorum.

419 2503 579 2559 Reddendo
606 2502 674 2558 inde
709 2503 783 2558 mihi
813 2512 843 2559 et
869 2502 1036 2558 heredibus
1063 2501 1137 2556 meis
1167 2501 1320 2555 annuatim
1350 2516 1440 2555 unam

384 2591 489 2645 libram
515 2608 590 2645 eorm
616 2588 655 2643 ad
680 2588 788 2643 loetum
814 2588 915 2643 Sancti
941 2585 1095 2642 Miohaelis
1122 2603 1176 2656 pro
1201 2585 1280 2640 omni
1306 2583 1438 2649 servitio,

384 2683 503 2746 excepto
522 2674 642 2729 servitio
660 2672 764 2743 regali.

419 2758 504 2828 Quod
528 2759 597 2828 (luia
621 2764 719 2812 ratum
737 2764 767 2812 et
785 2756 990 2812 inconvulsum
1008 2772 1073 2811 esse
1098 2755 1174 2820 volo,
1200 2754 1341 2826 praesenti
1359 2757 1441 2810 earn

384 2853 414 2902 et
432 2843 524 2915 sigilli
543 2842 602 2897 mei
621 2841 812 2913 impressione
831 2841 1009 2898 confirmavi.
1047 2840 1117 2896 Hiis
1135 2841 1270 2896 testibus.

722 3127 887 3196 CCXXX.
911 3129 960 3196 De
982 3129 1101 3197 eodem.

419 3279 529 3335 Notum
555 3280 595 3334 sit
617 3280 752 3334 omnbus
780 3279 817 3333 ad
848 3298 920 3350 quos
946 3296 1076 3349 prensens
1096 3280 1237 3350 scriptum
1263 3281 1438 3358 pervenerit,

384 3366 462 3435 quod
480 3382 536 3436 ego
554 3364 680 3418 Thomas
699 3365 833 3434 Hayrun,
853 3382 907 3434 pro
933 3365 1027 3419 salute
1045 3365 1149 3420 ariimae
1167 3384 1241 3419 mear
1259 3372 1291 3420 et
1307 3366 1439 3419 omnium

384 3457 602 3504 ariteeessornm
622 3466 764 3511 meorum,
785 3447 853 3501 dedi
872 3454 903 3502 et
924 3449 1054 3520 quietam
1073 3449 1207 3511 clamavi,
1228 3449 1265 3502 de
1289 3467 1338 3503 me
1356 3449 1440 3504 etde

384 3534 549 3588 haeredibus
570 3532 654 3594 meis,
678 3533 741 3586 Deo
762 3539 792 3586 et
810 3532 944 3587 ecclesiae
967 3534 1067 3588 Sancti
1085 3534 1166 3588 Petri
1184 3534 1389 3597 Gloneestriae,
1410 3540 1442 3587 et

384 3619 533 3673 monachis
556 3617 664 3671 ibidem
686 3617 748 3670 Deo
768 3616 974 3682 servient-ibus,
994 3635 1082 3672 unam
1100 3618 1247 3687 virgatam
1264 3625 1354 3672 terrm
1371 3634 1439 3672 oum

384 3702 518 3757 omnibus
531 3701 715 3772 pertinentiis
729 3702 791 3755 suis
804 3700 881 3771 apud
893 3701 1031 3756 Estleche
1044 3719 1132 3772 quam
1144 3702 1226 3755 tenui
1239 3701 1276 3755 de
1288 3701 1440 3755 Willelmo

383 3784 498 3839 Hairun
524 3785 560 3839 do
578 3785 663 3839 feodo
688 3785 822 3854 ejusdem
854 3786 1003 3850 ecelesiae3
1035 3785 1190 3841 tenendam
1218 3791 1249 3839 et
1273 3785 1439 3839 habendum

383 3869 413 3920 in
439 3888 542 3938 puram
569 3878 598 3924 et
616 3877 785 3940 pemmtuann
813 3869 1011 3934 elemosinam,
1038 3868 1162 3924 liberam
1188 3877 1219 3924 et
1244 3870 1377 3940 quietam
1402 3868 1440 3922 ab

383 3954 461 4006 omni
486 3955 606 4008 servitio
624 3962 655 4008 et
679 3954 827 4008 exactione
846 3961 877 4008 st
893 3953 1037 4009 demanda
1055 3954 1199 4018 saeoulari,
1225 3960 1256 4008 et
1273 3955 1354 4008 omni
1373 3971 1439 4008 con·

383 4037 546 4092 suetudine.
586 4039 706 4092 Tradidi
725 4040 813 4092 etiam
833 4039 938 4093 domno
956 4040 1054 4094 abbati
1074 4046 1105 4093 et
1122 4039 1278 4093 conventui
1298 4039 1440 4093 Glouees·

383 4121 447 4171 erim
472 4129 583 4176 cartam
608 4141 697 4193 quam
724 4123 811 4177 habui
840 4123 877 4176 de
903 4124 1043 4193 praedicto
1071 4121 1222 4178 Willelmo
1248 4123 1375 4193 Hamn
1401 4122 1439 4176 ds

382 4204 522 4271 prodicta
539 4207 656 4278 virgata
673 4214 770 4262 terrm.

417 4286 458 4341 tt
477 4290 569 4358 igitur
594 4293 655 4347 hmo
674 4308 738 4346 mea
756 4292 873 4346 donatio
892 4299 922 4346 et
940 4293 1041 4362 quieta
1058 4292 1215 4347 clamantia
1231 4291 1267 4345 de
1287 4308 1334 4346 me
1353 4290 1439 4346 etde

382 4369 546 4428 heredibus
573 4377 646 4431 meis
675 4383 737 4431 rata
764 4377 804 4430 sit
830 4382 861 4430 et
888 4376 1003 4430 stsbilis
1027 4378 1056 4430 in
1075 4383 1259 4448 perpetuum,
1280 4394 1346 4432 eam
1365 4393 1440 4447 prae·

382 4455 457 4509 senti
476 4464 557 4513 carta
575 4466 605 4514 et
623 4460 716 4530 sigilli
734 4460 792 4514 mei
812 4460 1004 4530 impressione
1023 4460 1203 4516 confirmavi.
