3158 5610
520 787 547 835 s
569 787 670 836 rnrm
694 787 948 837 oroncrsrarn
1190 772 1255 836 361

208 959 246 1013 ad
273 968 383 1012 tantam
408 970 518 1012 terram
547 956 676 1027 pertinet
704 974 758 1028 pro
786 956 865 1011 omni
897 956 1026 1012 servitio.
1075 958 1115 1012 Et
1144 977 1200 1030 ego
1229 972 1260 1013 et

209 1041 341 1098 liaeredes
366 1041 424 1096 mei
454 1040 708 1095 warantizabimus
735 1041 846 1096 eisdem
872 1040 970 1096 abbati
995 1048 1027 1097 et
1050 1044 1205 1097 convent-ui
1229 1052 1261 1098 et

208 1144 310 1181 eorum
329 1126 547 1181 successoribus
565 1134 656 1180 totum
674 1125 845 1196 praedictam
862 1138 972 1180 terram
990 1144 1057 1181 cum
1074 1127 1259 1198 pertinentiis

209 1229 297 1282 quam
315 1212 359 1265 eis
375 1210 443 1265 dedi
460 1220 562 1265 eontra
579 1227 679 1264 omnes
698 1209 831 1264 homines
848 1210 880 1264 in
897 1220 1081 1281 perpetuum.

245 1295 285 1348 Et
301 1308 335 1349 ut
352 1312 418 1348 men
433 1293 551 1348 donatio
568 1303 600 1349 et
622 1294 772 1349 concessio
794 1300 861 1349 rota
883 1294 924 1349 sit
946 1304 978 1350 et
1000 1296 1171 1351 inconcussa
1193 1313 1258 1367 per·

209 1388 334 1444 maneat,
353 1397 418 1433 enm
436 1377 529 1449 sigilli
547 1377 605 1432 mei
624 1378 785 1432 munimine
803 1378 947 1434 roboravi.
984 1378 1054 1435 Hiis
1071 1381 1205 1436 testibus.

588 1664 763 1732 CCCLIX
787 1663 836 1731 Dc
858 1664 977 1731 colem.

249 1815 348 1870 Sciant
359 1835 459 1871 omnes
472 1832 533 1871 tam
545 1824 703 1887 praesentes
716 1836 803 1888 quiun
823 1818 925 1881 futuri,
939 1817 1016 1888 quod
1029 1836 1085 1887 ege
1097 1817 1262 1872 Alueredus
1274 1825 1342 1877 Μ).
1356 1830 1420 1877 12⁰5

214 1898 302 1953 Baret
328 1899 406 1957 dedi.
433 1902 573 1963 concessi,
602 1914 632 1956 et
650 1901 763 1955 reddidi
783 1901 921 1964 Henrico,
954 1901 1009 1956 Dei
1040 1903 1135 1972 gratia
1164 1902 1261 1956 abbati
1275 1898 1366 1943 4²²⁴·

212 1982 413 2047 Glooeestrire,
433 1996 463 2039 et
480 1985 613 2056 ejusdem
630 1986 687 2040 loci
711 1986 875 2048 conventui,
894 2004 983 2039 unam
1007 1987 1151 2056 virgatam
1176 1996 1263 2042 terrie
1275 1976 1363 2027 (ΜΘ

212 2086 279 2121 curn
297 2070 481 2138 pertinentiis
500 2071 531 2124 in
550 2070 748 2134 Lettrintone3
768 2071 850 2124 illam
869 2070 982 2125 scilicet
1001 2089 1089 2141 quam
1107 2088 1163 2143 ego
1180 2072 1262 2126 tenui
1274 2058 1350 2093 ω·

212 2151 249 2205 de
268 2152 416 2207 ll'illelmo
433 2154 469 2207 dc
489 2154 680 2219 Lettrintone,
699 2172 767 2210 cum
785 2155 920 2209 omnibus
937 2154 1025 2210 rebus
1044 2155 1081 2209 ad
1099 2155 1180 2210 illam
1198 2173 1263 2226 per·

212 2236 381 2299 tinentibus,
409 2239 522 2294 scilieet
546 2239 687 2310 quicquid
712 2257 767 2310 ego
792 2239 833 2293 ibi
860 2239 948 2294 habui
978 2239 1025 2294 vel
1044 2239 1151 2294 habere
1180 2237 1348 2311 potuitve.

213 2320 275 2374 sine
294 2321 355 2375 ullo
372 2324 574 2378 retinemento.
611 2324 651 2378 Et
668 2324 750 2377 illam
768 2324 914 2394 virgatam
932 2334 1028 2387 terroe,
1043 2343 1110 2379 cum
1128 2325 1262 2380 omnibus

213 2405 408 2474 pertinentiis,
428 2410 506 2461 sicut
530 2407 704 2478 praedictum
722 2420 778 2471 est,
798 2408 909 2471 remisi,
930 2416 961 2463 et
979 2409 1108 2479 quietam
1125 2409 1261 2472 clamavi,

212 2488 249 2542 de
280 2508 327 2543 me
352 2504 383 2545 et
411 2490 576 2546 haeredibus
594 2493 678 2556 meis,
698 2492 847 2563 praedictis
865 2492 964 2547 abbati
990 2500 1021 2547 et
1049 2493 1204 2548 conventui
1234 2502 1265 2548 et

213 2589 314 2626 eorum
332 2575 550 2630 successoribus
562 2576 593 2629 in
606 2588 788 2647 perpetuum.
826 2576 866 2630 Et
876 2594 930 2647 pro
941 2576 997 2630 hac
1016 2575 1181 2640 donatione,
1196 2594 1263 2632 con·

212 2658 354 2721 cessione,
374 2669 405 2713 et
422 2659 522 2730 quieto
539 2661 705 2725 clamantis,
725 2660 869 2715 dederunt
887 2661 960 2714 mihi
979 2660 1113 2731 praedicti
1131 2661 1220 2717 abbas
1234 2670 1266 2716 et

212 2748 371 2796 conventus
390 2742 463 2797 duas
481 2761 595 2799 marcas
613 2744 727 2815 urgenti
746 2753 778 2799 et
795 2744 957 2799 dimidiam.

248 2825 288 2881 Et
304 2843 341 2880 ne
360 2845 416 2898 ego
434 2827 482 2881 vel
500 2828 631 2883 bier-edes
650 2829 708 2883 mei
734 2830 765 2882 in
783 2840 932 2900 posterum
957 2838 1059 2884 contra
1083 2830 1138 2884 hoe
1163 2829 1263 2885 venire

212 2910 368 2981 pessimus,
394 2912 465 2968 huie
491 2922 580 2969 carten
607 2931 680 2969 meae
699 2913 793 2985 sigilli
817 2913 875 2968 mei
893 2914 1017 2986 apposui
1035 2914 1261 2971 firmamentum.

212 2995 281 3052 Hiis
299 2996 435 3052 testibus.

561 3282 713 3350 CCCLX.
736 3282 786 3349 De
808 3282 926 3351 eodem.

251 3435 352 3493 Sciant
370 3444 530 3509 praesentes
557 3446 588 3493 ct
615 3438 717 3502 futuri,
738 3438 817 3509 quod
841 3456 898 3508 ego
922 3437 1094 3510 Badnlpbus
1119 3439 1155 3492 de
1179 3436 1263 3492 Hun-
1277 3429 1366 3480 0f¹¹²0

214 3524 295 3593 gcrie
313 3520 381 3576 dedi
400 3538 430 3576 et
448 3524 581 3593 quietum
592 3523 726 3586 clamavi,
740 3542 793 3594 pro
805 3523 899 3578 salute
917 3540 983 3578 mea
1001 3536 1031 3578 et
1048 3536 1263 3579 antecessorum
1276 3512 1352 3547 Μ·

213 3623 355 3671 meorum,
387 3607 485 3662 abbati
512 3614 543 3662 ct
572 3609 727 3662 conventui
754 3607 956 3672 Gloucestrire,
989 3614 1081 3662 totum
1105 3607 1155 3677 jus
1186 3603 1265 3678 qued

213 3689 302 3745 habui
321 3692 352 3746 in
370 3691 423 3745 illa
447 3692 564 3763 virgata
589 3700 676 3747 terrae
705 3710 791 3762 quam
818 3692 990 3763 Hardingus
1017 3690 1054 3745 de
1081 3690 1264 3745 Lettrintone

214 3776 317 3840 tenuit,
337 3795 425 3848 quarn
452 3777 539 3832 etiam
564 3776 732 3832 willelmus
757 3776 793 3831 de
820 3776 1001 3831 Lettrintone
1026 3774 1109 3830 dedit
1133 3776 1206 3830 mibi
1234 3776 1265 3830 in

214 3859 316 3915 eadem
334 3860 406 3916 villa
424 3862 454 3916 in
472 3862 599 3917 liberum
616 3862 807 3933 maritagium
819 3879 885 3916 cum
898 3860 1066 3916 Christiana
1083 3878 1183 3916 sorore
1201 3880 1264 3926 sua,

214 3967 280 4018 quae
298 3948 361 4003 sine
380 3949 496 4003 baerede
513 3948 648 4004 decessit.
687 3948 745 4004 Pro
763 3949 817 4004 hnc
835 3960 933 4004 autem
951 3947 1136 4003 concessione
1154 3966 1219 4003 men
1236 3956 1268 4003 et

215 4033 315 4103 quiete
340 4033 497 4088 clamantia
520 4034 664 4089 dederunt
690 4034 764 4089 mihi
791 4033 880 4090 abbas
906 4046 937 4087 et
960 4042 1119 4089 conventus
1144 4033 1268 4104 triginta

215 4117 324 4174 solidos
343 4118 578 4189 esterlingornm.

251 4204 291 4258 Et
307 4211 341 4259 nt
358 4203 421 4258 haeo
439 4220 505 4257 mea
521 4203 639 4258 donatio
657 4214 687 4258 et
705 4201 806 4273 quieta
828 4200 985 4258 clamantia
1002 4200 1117 4257 stabilis
1136 4216 1167 4257 et
1184 4202 1268 4257 firma

215 4296 392 4360 permaneat,
419 4306 485 4343 eam
514 4287 650 4359 praesenti
678 4287 788 4358 scripto
815 4295 845 4341 et
875 4285 968 4357 sigilli
997 4287 1056 4340 mei
1086 4286 1267 4359 appositione

215 4373 403 4437 confirmavi;
435 4379 466 4429 et
491 4380 602 4428 cartam
631 4390 719 4444 qnam
746 4371 782 4425 de
810 4370 951 4443 praedicta
976 4370 1094 4442 virgata
1118 4384 1205 4426 terne
1229 4370 1265 4424 de

216 4457 356 4530 predicto
373 4456 524 4513 Willelmo
547 4456 648 4523 bsbni,
668 4456 756 4513 dictis
781 4455 880 4512 abbati
906 4462 939 4512 et
963 4454 1120 4512 conventui
1145 4454 1264 4511 indidi.

216 4542 286 4599 niis
303 4542 438 4599 testibus.
1204 4558 1211 4575 ·
