3158 5610
352 791 417 856 288
641 800 891 880 caurumaruu
912 800 1123 852 uouemere

351 981 440 1038 cartis
453 981 515 1037 anis
527 981 774 1037 confirmaverunt
785 980 823 1037 ad
835 980 1065 1037 construendum
1076 980 1242 1055 prioratum
1253 981 1285 1038 in
1299 982 1410 1056 Erryae

351 1084 404 1138 per
422 1084 541 1121 maniam
559 1074 590 1122 et
607 1066 827 1138 dispositionem
846 1065 960 1121 abbatie
984 1072 1015 1121 et
1032 1072 1192 1122 conventus
1211 1066 1411 1123 Glouceetriae

352 1151 513 1207 necandum
531 1150 662 1205 ordinem
680 1168 791 1204 eorum.
824 1150 898 1205 Hrec
916 1156 1015 1206 autem
1033 1149 1162 1206 conditio
1173 1150 1253 1206 iuter
1269 1150 1410 1207 ablutam

352 1244 383 1293 et
409 1244 583 1292 conventum
609 1235 801 1291 Gloncestriae
820 1240 850 1291 et
869 1252 916 1290 mc
941 1234 1101 1291 constituta
1123 1240 1179 1298 eat,
1205 1234 1286 1306 quod
1305 1234 1409 1298 abbae,

350 1322 388 1377 ad
414 1323 521 1377 festum
546 1321 647 1376 Sancti
664 1320 821 1375 Michaelis
848 1320 1013 1392 proximum
1031 1326 1199 1383 venturum,
1226 1324 1341 1376 statuat
1366 1320 1411 1377 ibi

350 1407 479 1480 priorem
497 1424 564 1461 eum
583 1423 641 1460 uno
653 1404 804 1459 monacho.
841 1404 882 1459 Et
899 1422 966 1458 eum
984 1404 1144 1474 contigerit
1165 1402 1299 1476 aliquam
1316 1404 1410 1459 trium

351 1491 551 1551 ecclesiarum,
576 1489 717 1545 videlicet
733 1490 781 1544 rel
805 1489 842 1544 dc
860 1490 955 1545 Etoue
979 1488 1027 1544 rel
1052 1488 1089 1544 de
1107 1489 1280 1544 Burenham
1296 1489 1348 1545 rel
1370 1488 1409 1544 de

351 1574 480 1644 Lydiard
510 1592 624 1637 vacare,
657 1573 781 1629 domnus
817 1573 907 1629 abbas
943 1580 1032 1646 ponet
1061 1573 1104 1629 ibi
1133 1582 1323 1638 conventum,
1355 1576 1410 1646 qui

351 1658 460 1714 ibidem
478 1659 650 1721 remanebit,
665 1658 691 1713 si
709 1658 915 1714 convenienter
933 1658 974 1713 ibi
993 1675 1111 1713 munero
1128 1658 1232 1731 possit,
1251 1664 1284 1714 et
1301 1658 1409 1714 suffici·

350 1749 433 1800 enter
445 1743 614 1798 sustentari.
648 1741 680 1798 si
699 1748 798 1797 autem
816 1744 914 1798 minus
932 1742 1125 1798 sufficientem
1142 1742 1240 1799 adhuc
1258 1749 1408 1799 sustenta·

350 1830 460 1884 tionem
479 1827 614 1890 habeant,
634 1844 670 1881 ex
695 1827 843 1881 communi
870 1827 992 1882 consilio
1019 1826 1118 1882 domni
1143 1826 1260 1882 abbatia
1284 1834 1317 1883 et
1343 1845 1410 1883 meo

351 1913 473 1970 retentis
492 1913 570 1984 quod
588 1911 630 1966 ibi
643 1918 782 1983 poterunt
793 1910 970 1967 auatentari.¹
990 1910 1110 1982 Reliqui
1122 1911 1349 1968 subtrahentur.
1368 1912 1410 1969 Et

350 2015 418 2053 cum
437 1997 537 2068 aliqua
554 1996 614 2051 ulia
631 1997 722 2050 trium
740 1996 932 2051 ecelesiarum
950 1996 1227 2068 praenominatarum
1246 1996 1408 2059 vacaverit,

351 2081 441 2138 abbas
467 2080 508 2136 ibi
536 2087 647 2136 statuet
672 2086 846 2135 conventum
873 2080 911 2135 ad
940 2079 1116 2135 manendum
1146 2080 1198 2143 ibi,
1231 2081 1257 2136 ei
1284 2080 1410 2136 officinm

351 2166 462 2222 luerint
479 2164 686 2222 convenienter
698 2170 883 2220 constructae.
915 2164 955 2220 Et
967 2164 993 2220 si
1004 2181 1072 2228 non,
1085 2164 1157 2220 dum
1175 2165 1292 2221 duabus
1312 2165 1408 2221 cccle-

355 2251 409 2308 siie
426 2250 607 2312 vacantibus,
628 2254 804 2304 constructe
823 2249 934 2304 luerint
951 2249 1072 2304 officinm
1090 2249 1128 2304 ab
1146 2249 1200 2304 illo
1225 2255 1361 2322 tempore
1379 2250 1410 2305 in

352 2342 411 2391 tres
430 2353 520 2389 anuos
539 2333 742 2389 construenda
765 2342 853 2388 erunt
876 2332 1054 2389 sufficienter
1072 2340 1107 2389 ut
1123 2332 1264 2406 deinceps
1281 2351 1408 2390 convon-

350 2426 399 2476 tna
417 2419 458 2473 ibi
477 2419 540 2473 sine
559 2417 639 2473 omni
666 2418 852 2474 excusatione
877 2423 1035 2473 remancat.
1074 2416 1221 2472 Convenit
1244 2424 1347 2474 autem
1365 2418 1409 2473 ita

351 2504 429 2559 inter
446 2503 582 2559 abbatem
600 2510 630 2557 et
653 2509 828 2558 conventam
853 2508 884 2556 et·
900 2519 947 2556 me
967 2501 1046 2572 quod
1063 2502 1158 2557 omnin
1177 2502 1300 2573 querela
1318 2521 1409 2576 nuper

350 2589 483 2660 prioratu
501 2587 537 2641 de
555 2587 662 2657 Ewyae
680 2587 763 2658 prius
787 2585 889 2641 habita
912 2586 1061 2640 internos
1086 2603 1152 2657 qum
1169 2585 1208 2641 ud
1225 2603 1275 2641 me
1293 2593 1409 2659 epecta-

352 2672 403 2727 bat
436 2690 471 2726 ex
497 2671 553 2726 hac
584 2670 775 2726 conventione
802 2670 834 2725 iu
863 2677 1040 2741 perpetuum
1066 2668 1286 2727 terminabitur.
1333 2671 1409 2727 Haeo

352 2763 451 2810 antem
487 2757 563 2811 saeta
598 2759 668 2810 arunt
696 2773 771 2809 anno
806 2753 969 2809 Dominicae
999 2753 1212 2810 Incaruatiouie
1247 2755 1409 2811 millesimo

351 2841 510 2895 centesimo
528 2838 737 2909 nonagesimo²
755 2838 867 2909 quinto,
887 2839 918 2893 in
945 2838 1073 2894 crastino
1098 2838 1285 2896 solennitatis
1305 2839 1408 2897 Sancti

350 2923 432 2978 Petri
452 2943 517 2995 quae
536 2924 644 2979 dicitur
663 2923 817 2979 cathedra.

385 3008 455 3061 lliis
467 3009 603 3072 testibus,
618 3007 734 3062 domino
751 3007 901 3061 ll'illclrno
919 3007 1056 3079 episeopo
1073 3007 1302 3071 Herelordense,
1317 3008 1408 3065 Petro

350 3090 386 3143 de
415 3090 601 3156 Scrrdemore,
629 3091 717 3146 Petro
748 3089 784 3144 do
809 3090 998 3153 Puntintona,
1027 3091 1177 3145 Willelmo
1202 3091 1240 3145 de
1266 3091 1406 3155 Kenetta,

349 3171 499 3228 Willelrno
537 3176 573 3229 dc
604 3175 727 3239 Parrha,
760 3174 873 3228 Daride
913 3175 949 3229 de
982 3174 1129 3246 Stanleya,
1162 3173 1315 3230 Willelmo
1347 3177 1408 3231 filio

349 3255 482 3321 ll'ulteri,
502 3258 652 3313 Willelmo
670 3259 706 3313 dc
720 3258 931 3321 Chelewertha,
946 3259 1064 3312 Horrea
1083 3258 1119 3312 de
1138 3258 1241 3323 Barea,
1257 3259 1408 3315 Willelmo

349 3338 491 3403 llalbant,
520 3343 674 3406 militibus,
707 3342 840 3396 Johannc
877 3342 994 3396 Decano
1024 3341 1226 3405 Glorreestriie,
1259 3343 1408 3414 Magistro

349 3422 415 3476 Ada
445 3424 481 3477 dc
512 3426 698 3494 Lungedone,
730 3424 874 3493 Magistro
901 3425 1035 3479 Johanne
1060 3425 1231 3490 Clementia,
1259 3427 1406 3498 Magistro

348 3505 517 3567 Ambrosio,
546 3509 689 3563 (lutifrido
715 3509 751 3562 do
769 3508 968 3571 Wottesdone,
997 3508 1129 3565 Waltero
1154 3510 1249 3580 Tolry,
1278 3511 1407 3580 Symonc

350 3588 713 3653 chella1·io.ll'illelmo
742 3592 884 3658 Janitore,
913 3593 1051 3664 Philippo
1079 3593 1234 3659 Carbonel,
1255 3594 1408 3651 Willclmo

349 3671 501 3739 Pineerna,
523 3675 653 3731 Henrico
671 3677 707 3732 dc
727 3675 824 3732 cotes.

707 3898 852 3964 CCXLI.
876 3899 927 3964 Dc
949 3899 1069 3966 cortem.

386 4050 486 4108 Sciant
510 4062 669 4127 praesentes
697 4064 727 4112 et
753 4058 856 4116 futuri,
885 4059 962 4129 quod
984 4077 1039 4129 ego
1065 4060 1202 4124 Thomna,
1224 4061 1281 4116 Dei
1309 4065 1407 4133 gratia

193 4221 199 4232 .
228 4187 250 4231 5.
349 4134 437 4187 atibus
469 4144 500 4191 et
529 4147 687 4195 conventus
722 4142 823 4196 Sancti
854 4142 936 4197 Petri
968 4142 1169 4205 Gloncestrim,
1205 4150 1405 4203 concessimus

348 4217 464 4284 Rogero
484 4222 543 4275 filio
561 4223 672 4292 Rogeri
691 4225 837 4279 ll’alensis
859 4234 950 4281 totam
976 4233 1085 4282 terram
1104 4229 1141 4282 de
1160 4229 1336 4302 Breiignyn,
1357 4251 1405 4288 ex·

347 4302 439 4370 eeptin
463 4312 528 4358 orto
546 4308 621 4360 aeris
640 4314 727 4361 terrie.
746 4310 801 4362 nrrb
826 4311 950 4379 gardino
968 4312 1004 4366 do
1024 4312 1131 4367 Sancto
1150 4313 1274 4379 Davide,
1295 4322 1326 4370 et
1343 4323 1406 4372 toto

347 4391 430 4452 prato
448 4387 608 4457 adjacente,
629 4400 659 4445 et
677 4393 834 4448 medietate
852 4394 889 4447 de
908 4413 1017 4465 gram
1040 4397 1195 4452 tenendum
1215 4399 1252 4453 de
1270 4401 1404 4472 prioratu

357 4556 435 4563 .--..
571 4560 655 4568 ..ῳ-

845 4567 1153 4576 -..—-.—---..
1182 4570 1188 4576 .
1230 4570 1405 4581 -..-

380 4658 388 4687 ¹
408 4658 439 4706 Si
457 4667 534 4708 (retem
552 4697 680 4714 ......
698 4669 845 4732 auctentum]
932 4672 942 4700 ²
959 4671 1123 4738 peruerti-ra]
1141 4673 1316 4739 nonogesimo,
1328 4675 1386 4727 MS.

345 4738 459 4799 repeated
472 4737 496 4785 in
509 4738 563 4788 Ma.
