3158 5610
346 733 412 800 382
637 741 888 796 olumnam!
909 740 1122 796 nautarum

660 1014 868 1090 00οΧοῙΧ.
892 1016 943 1088 Do
967 1013 1087 1089 eodone

178 1160 248 1210 Ab.
262 1163 325 1210 1228
384 1147 485 1205 Sciant
510 1153 669 1221 praesentes
696 1154 727 1204 et
754 1149 857 1213 futuri,
878 1149 957 1220 qnod
984 1166 1040 1220 ego
1058 1148 1151 1218 Hugo
1169 1144 1251 1202 filius
1276 1144 1406 1202 Galin'di

178 1232 271 1276 ⁴2⁴³·
347 1233 384 1287 do
403 1233 528 1297 Ledeue,
549 1251 670 1288 assensu
695 1238 726 1288 et
749 1233 900 1288 voluntate
918 1233 1012 1304 patris
1036 1233 1106 1297 mei,
1126 1231 1196 1286 dedi
1213 1238 1245 1287 et
1262 1231 1407 1294 concessi,

179 1309 218 1359 Os
225 1309 268 1358 the
348 1324 379 1372 et
396 1317 450 1371 hac
469 1324 612 1388 praesente
637 1323 719 1373 carta
735 1334 802 1371 mea
819 1316 1001 1380 confirmavi,
1020 1315 1152 1370 Henrico
1170 1315 1287 1379 solete,
1307 1315 1406 1370 abboti

177 1391 254 1429 ΜΕ*
347 1407 378 1456 et
405 1401 560 1457 conventui
587 1398 688 1455 Sancti
715 1396 798 1455 Petri
833 1399 1037 1464 Glouoestriae,
1065 1404 1193 1470 quatuor
1218 1416 1303 1454 aeras
1329 1400 1408 1469 preti

179 1455 197 1503 ἲ·
213 1458 259 1505 ¹⁰⁷
348 1486 406 1539 moi
434 1503 487 1557 per
511 1486 609 1540 visum
634 1485 777 1555 legalium
801 1485 936 1539 virorum
965 1489 1150 1538 mensuratas
1174 1482 1262 1552 juxta
1287 1489 1407 1554 pratum

348 1567 427 1639 quod
453 1565 587 1639 praedieti
614 1568 703 1623 abbas
728 1572 758 1622 et
781 1575 939 1624 conventus
963 1562 1072 1622 habeut
1096 1565 1134 1621 de
1163 1573 1248 1639 patre
1278 1584 1347 1622 meo
1377 1568 1408 1622 in

348 1651 580 1717 Muebelemode,
612 1669 679 1708 eum
709 1650 843 1706 omnibus
873 1651 1058 1723 pertinentiis
1088 1645 1170 1716 suis,
1203 1649 1348 1706 tenendas
1377 1657 1409 1705 et

348 1735 495 1791 habendas
514 1736 616 1790 deme
642 1741 673 1790 et
698 1734 866 1790 haeredibus
892 1735 966 1790 meis
992 1736 1023 1790 in
1049 1752 1155 1807 puram
1182 1740 1214 1790 et
1231 1742 1406 1806 perpetuam

348 1817 547 1884 elemosinam,
576 1820 678 1885 libere,
708 1826 739 1875 et
763 1821 872 1890 quiete,
899 1813 1029 1892 pacifice,
1049 1826 1080 1874 et
1106 1819 1234 1890 integre,
1263 1837 1318 1890 pro
1347 1837 1407 1874 uuo

349 1903 413 1976 peri
438 1905 671 1976 cyrothecarnm,
698 1904 747 1959 vol
776 1921 835 1959 uno
861 1904 947 1959 obolo
975 1904 1049 1958 mihi
1079 1909 1110 1959 et
1136 1903 1306 1958 baeredibus
1331 1905 1407 1958 meis

347 1990 498 2043 annuatim
529 2005 583 2060 pro
612 1988 746 2044 omuibus
777 1986 918 2052 servitiis,
945 1988 1044 2051 scetis,
1071 1984 1346 2050 consuetudinibus,
1378 1993 1408 2042 et

347 2071 509 2137 domandis,
547 2073 579 2127 in
607 2071 656 2127 die
694 2071 794 2127 Sauoti
831 2071 974 2127 Johannis
1010 2071 1154 2143 Baptista
1188 2070 1404 2142 persolvendis.

347 2155 413 2227 Ego
429 2174 500 2211 vero
518 2155 610 2226 Hugo
628 2161 659 2211 et
676 2155 807 2211 heredes
825 2156 885 2210 mei
902 2155 1058 2227 praedietas
1078 2160 1206 2226 quatuor
1224 2173 1310 2210 aeras
1328 2156 1406 2226 prati

346 2257 414 2294 eum
432 2236 566 2294 omnibus
584 2240 771 2310 pertinentiis
798 2239 861 2294 suis
888 2239 1038 2310 praedietis
1066 2239 1166 2293 obbati
1190 2244 1222 2294 et
1249 2239 1406 2294 conventui

347 2320 448 2378 Suueti
465 2323 549 2378 Petri
568 2323 761 2378 Glouoestriae
779 2329 881 2380 eontm
899 2340 1000 2378 omues
1017 2323 1150 2378 homines
1169 2328 1200 2378 et
1217 2322 1357 2378 foeminus
1376 2322 1407 2377 in

346 2411 521 2478 perpetuum
538 2406 804 2472 warantizabimus,
823 2411 933 2462 ettam
951 2407 987 2461 de
1005 2407 1100 2478 regali
1119 2406 1242 2462 servitio
1261 2425 1352 2477 quam
1370 2406 1406 2461 de

346 2490 481 2544 omnibus
500 2489 566 2544 aliis
586 2490 716 2546 servitiis
738 2508 804 2561 quas
822 2491 859 2545 de
877 2496 958 2546 terra
975 2496 1083 2546 exeunt
1099 2491 1149 2546 vel
1167 2490 1249 2546 exire
1266 2496 1407 2562 poteraut

346 2575 587 2645 acquietabimus.

382 2659 422 2714 Et
439 2666 473 2714 ut
490 2658 563 2724 haec,
583 2665 638 2713 ete.

694 2842 817 2909 0000.
840 2841 890 2907 De
913 2840 1044 2908 codem.¹

179 2975 248 3025 AD.
263 2980 326 3027 1228
384 2958 485 3022 Sciant
511 2972 670 3039 presentes
698 2968 728 3022 et
746 2964 848 3032 futuri,
869 2960 948 3037 quod
974 2983 1030 3038 ego
1047 2958 1139 3038 Hngo
1166 2957 1247 3022 filius
1275 2956 1405 3021 Gellridi

178 3049 271 3093 4243.
348 3050 384 3104 de
403 3051 528 3115 Ledeue,
549 3070 670 3106 assensu
690 3059 719 3105 et
746 3050 897 3106 voluntate
925 3051 1018 3120 patris
1037 3050 1106 3114 moi,
1135 3043 1202 3103 dedi
1223 3055 1254 3105 et
1272 3047 1404 3104 concessi

180 3125 268 3177 Oslhe
348 3131 516 3205 H[en1ieo],
537 3136 593 3190 Dei
619 3135 717 3205 gretia
735 3135 833 3189 abbati
858 3142 889 3189 et
910 3135 1064 3188 conventui
1092 3132 1191 3189 Sancti
1209 3134 1294 3189 Petri
1315 3133 1403 3188 Glon·

179 3207 254 3244 mm·
348 3220 471 3283 cestriae,
499 3228 624 3289 quatuor
652 3238 733 3273 acras
765 3219 841 3289 prati
870 3219 928 3272 mei
959 3230 1142 3272 mensuratas
1170 3219 1256 3288 juxta
1285 3227 1403 3288 pratum

348 3305 425 3373 quod
453 3304 585 3374 praedicti
612 3304 701 3358 abbas
728 3310 758 3357 et
783 3309 943 3358 conventus
974 3303 1083 3357 habent
1107 3303 1143 3356 de
1169 3310 1252 3374 petre
1278 3321 1346 3357 mco
1373 3303 1402 3355 in

346 3387 593 3451 Machelesmede,
621 3405 689 3441 cum
713 3386 847 3441 omnibus
873 3378 1059 3456 pertinentiis
1087 3388 1169 3451 suis;
1202 3387 1344 3441 teucudns
1374 3394 1404 3440 ct

346 3471 493 3525 habendes
520 3471 557 3524 do
583 3487 629 3524 mo
655 3476 686 3524 et
710 3471 876 3524 haeredibus
894 3471 969 3523 meis
995 3471 1026 3523 in
1051 3488 1156 3540 puram
1175 3476 1207 3524 et
1230 3477 1402 3542 perpetuam
1461 3484 1466 3490 ·

346 3556 546 3619 elemosinam,
573 3572 627 3625 pro
652 3572 710 3609 uuo
735 3556 800 3624 pari
828 3555 1061 3624 cyrothecarum,
1081 3556 1130 3609 rel
1147 3574 1207 3610 uuo
1225 3556 1312 3609 obolo
1329 3555 1402 3609 mihi

347 3645 378 3693 et
389 3641 556 3694 haeredibus
569 3639 642 3693 meis
657 3636 834 3708 [annuatim]
848 3656 901 3709 pro
914 3639 1049 3693 omnibus
1063 3640 1194 3695 servitiis
1213 3639 1244 3694 et
1256 3640 1404 3694 saeonlari·

347 3723 401 3778 bus
422 3724 573 3778 domandis
599 3724 630 3777 in
656 3724 704 3777 dio
731 3724 831 3778 Sancti
850 3723 994 3778 Jobunnis
1016 3723 1160 3794 Baptistae
1187 3723 1400 3795 persolvendis.

346 3807 411 3875 Ego
430 3825 500 3862 vero
518 3807 609 3878 Hugo
628 3815 658 3862 et
675 3807 806 3861 heeredes
833 3808 890 3860 mei
918 3807 1060 3878 praedicto
1078 3808 1177 3862 abbati
1196 3814 1227 3863 et
1245 3808 1401 3863 conventui

347 3889 539 3945 Glouoestriae
551 3891 707 3962 praedictas
720 3897 845 3960 quatuor
857 3907 939 3945 acras
952 3892 1029 3962 prati
1042 3897 1144 3948 sonus
1155 3908 1257 3948 amnes
1269 3893 1402 3947 homines

345 3979 376 4027 et
394 3974 528 4029 soeminas
546 3977 578 4029 in
596 3983 771 4048 perpetuum
789 3974 1053 4031 warantizabimus.

380 4056 420 4111 Et
437 4063 472 4112 ut
489 4057 552 4114 hmo
570 4075 637 4115 mea
654 4061 781 4124 donatio,
801 4066 857 4115 ete.

690 4226 832 4296 ccccl.
858 4229 907 4294 De
933 4229 1051 4296 eodem.

179 4353 268 4406 Oftbe
384 4352 484 4409 Sciant
510 4360 669 4426 praesentes
697 4362 727 4408 et
745 4354 848 4418 futuri,
869 4354 947 4423 quod
972 4372 1027 4425 ego
1055 4354 1146 4425 Hugo
1173 4345 1253 4422 filins
1272 4348 1401 4411 Gelli-idi

176 4435 252 4472 ⁸²¹⁰?-
348 4434 383 4490 de
397 4438 521 4503 Ledeue,
540 4456 593 4509 pro
612 4438 674 4491 Deo
693 4446 723 4492 et
746 4438 841 4492 salute
860 4438 964 4491 animas
981 4455 1055 4492 meae
1073 4443 1103 4492 et
1120 4439 1251 4494 omnium
1270 4447 1402 4496 anteces-

370 4544 374 4548 ·
396 4546 445 4552 ,-
996 4545 1186 4552 —·--·

501 4589 1247 4657 ¹Againsttnnchmsrmosinriueuiushemargin.
