3158 5610
377 742 443 813 372
668 759 916 811 cananaeam
938 759 1146 811 naussum

377 934 597 999 consuetudine,
623 942 654 990 et
671 935 802 1000 servitio,
822 935 902 1006 quod
919 934 957 990 sd
974 952 1023 990 me
1040 933 1177 1007 pertinet,
1198 939 1229 990 et
1246 934 1285 990 ad
1302 934 1442 990 heredes

377 1036 468 1083 meos,
488 1019 520 1074 in
537 1019 669 1086 liberam,
682 1036 797 1091 puram,
811 1024 842 1075 et
859 1025 1033 1093 perpetuam
1050 1018 1251 1074 elemosinam.
1288 1018 1446 1074 Praeterea

378 1120 414 1157 ex
432 1103 551 1175 proprio
567 1102 643 1158 dono
661 1104 800 1167 concessi,
830 1109 861 1158 et
886 1103 1024 1173 prasenti
1049 1108 1131 1158 carta
1159 1118 1228 1157 mea
1258 1101 1444 1166 confirmavi,

379 1185 452 1249 Deo,
472 1191 503 1241 et
520 1185 616 1240 eidem
634 1186 776 1250 ecclesie,
796 1191 827 1241 et
844 1186 957 1241 eisdem
982 1185 1142 1251 monachis,
1161 1202 1216 1257 pro
1234 1185 1335 1240 anima
1352 1184 1445 1240 Alani

379 1268 434 1323 filii
452 1269 520 1333 mei,
541 1269 655 1324 scilicet
671 1270 704 1324 in
720 1269 854 1333 liberam,
867 1287 982 1341 puram,
996 1275 1027 1325 et
1043 1274 1220 1341 perpetuam
1237 1269 1445 1331 elemosinam,

380 1369 432 1407 sex
461 1352 597 1408 denarios
627 1370 700 1424 quos
730 1352 808 1408 idem
839 1353 1007 1409 Everardus
1038 1353 1112 1408 mihi
1147 1351 1184 1406 de
1220 1351 1328 1407 eadem
1365 1359 1448 1409 terra

380 1435 531 1491 annuatim
561 1435 683 1491 reddere
719 1436 880 1491 consuevit.
930 1436 996 1506 Ego
1031 1452 1110 1501 vero,
1148 1435 1186 1490 de
1221 1434 1379 1490 Ererardo
1414 1444 1447 1492 et

380 1517 484 1573 eadem
501 1525 591 1584 terra,
611 1520 668 1575 ieci
687 1521 782 1575 eidem
808 1520 940 1576 ecclcsiae
966 1524 997 1575 et
1021 1518 1132 1575 eisdem
1152 1519 1304 1575 monacbis
1323 1520 1445 1592 plenam

381 1603 529 1674 seysinam
555 1603 588 1658 in
614 1604 698 1659 curia
723 1621 790 1659 mea
814 1604 892 1677 apud
918 1603 1086 1660 [samburne
1116 1603 1147 1658 in
1176 1621 1299 1658 manum
1330 1604 1446 1660 domini

380 1685 499 1741 Thema
529 1693 600 1742 tnnc
630 1687 743 1742 abbatis
775 1686 975 1743 Gloucestriae.
1013 1687 1053 1742 Et
1082 1687 1156 1742 hanc
1186 1686 1378 1743 donatiouem
1414 1696 1447 1743 et

381 1776 492 1824 cartam
522 1788 618 1825 meam
649 1770 776 1827 fideliter
806 1776 836 1826 et
865 1771 990 1826 firmiter
1020 1770 1241 1835 observandam,
1274 1777 1306 1825 et
1342 1778 1447 1827 contre

381 1871 481 1908 omncs
519 1854 653 1909 homines
690 1855 946 1919 warantizondam,
983 1854 1013 1909 in
1050 1872 1170 1909 manum
1212 1853 1336 1921 Aufridi
1374 1863 1445 1910 tunc

381 1937 523 2009 capellani
542 1937 578 1993 de
597 1938 763 1994 Lambnrne
781 1938 906 1994 affidari.
942 1939 1011 1994 Hiis
1029 1939 1164 1994 testibus.

683 2207 924 2273 COOLXXXL
948 2207 998 2271 De
1020 2207 1140 2272 eodem.

419 2366 520 2421 Sciant
542 2371 702 2437 praesentes
735 2372 766 2421 et
789 2365 891 2429 futuri,
918 2365 997 2436 qnod
1021 2381 1077 2435 ego
1102 2363 1210 2419 Sibilla
1234 2364 1298 2418 iilia
1322 2362 1444 2418 Jozonis

382 2449 418 2504 de
443 2449 558 2522 Dynan‚
582 2467 636 2521 pro
660 2450 755 2505 salute
779 2449 884 2503 animae
909 2466 982 2503 meae
1006 2453 1037 2503 et
1061 2447 1153 2519 patris
1179 2452 1210 2502 ct
1233 2448 1341 2502 matris
1372 2466 1445 2502 mem

382 2538 413 2588 et
437 2533 568 2588 omnium
586 2538 805 2588 antecessorum
831 2549 974 2596 meorum,
994 2531 1134 2596 concessi,
1154 2537 1186 2586 et
1203 2531 1347 2602 prasenti
1364 2538 1445 2585 cartu

381 2632 448 2671 mea
465 2617 645 2680 confirmavi,
666 2616 739 2681 Deo,
759 2615 946 2671 eteoclesiee
967 2614 1068 2670 Sancti
1085 2614 1169 2670 Petri
1189 2613 1396 2680 Glauceatriae,
1416 2622 1445 2668 et

380 2701 531 2756 monachis
556 2699 666 2755 ibidem
690 2699 753 2754 Deo
777 2698 985 2762 servientibus,
1011 2704 1104 2753 totam
1134 2702 1246 2752 terram
1284 2715 1352 2769 quae
1389 2698 1445 2752 fuit

381 2783 520 2838 Edwardi
550 2784 707 2856 presbiteri
737 2784 768 2838 in
805 2782 972 2837 Lambume
1003 2799 1092 2853 quam
1122 2781 1294 2836 Everardus
1325 2780 1441 2853 Wagge

381 2873 471 2932 tenet,
500 2885 589 2939 quam
615 2867 755 2923 videlicet
788 2873 899 2922 terram
926 2866 1113 2938 supradictus
1138 2863 1212 2920 Joao
1239 2871 1327 2937 pater
1360 2882 1441 2919 meus

381 2951 478 3006 eidem
495 2952 627 3008 eccleeiae
652 2956 682 3007 et
699 2951 812 3006 eisdem
828 2951 979 3005 monachis
1004 2948 1086 3004 dedit
1104 2949 1220 3020 quando
1239 2967 1272 3004 se
1290 2950 1322 3003 in
1341 2949 1441 3003 eadem

381 3035 508 3090 ecclesia
519 3035 557 3090 ad
569 3035 772 3090 monachatum
792 3033 932 3097 reddidit,
947 3039 978 3087 et
989 3039 1071 3088 carta
1082 3050 1137 3087 sua
1148 3050 1217 3087 cum
1226 3031 1368 3089 omnibusv
1378 3051 1440 3103 per·

381 3118 513 3174 tinentiis
527 3121 625 3175 suiset
637 3119 739 3173 liberis
752 3117 1014 3173 consuetudinibus
1026 3117 1220 3171 confirmavit.
1248 3116 1288 3171 Et
1300 3123 1441 3187 praeterea

382 3201 450 3256 dedi
469 3207 499 3257 et
510 3204 640 3258 concessi
660 3203 755 3256 eidem
775 3201 908 3256 ecclesia
927 3207 957 3256 ct
975 3201 1087 3255 eisdem
1105 3200 1269 3264 monachis,
1289 3200 1322 3253 in
1341 3217 1440 3270 campo

382 3303 486 3341 versus
514 3288 689 3357 aquilonem,
710 3285 784 3340 duas
812 3302 895 3339 acras
927 3285 981 3339 sub
1011 3283 1195 3339 Wederdonc
1225 3283 1376 3354 proximas
1406 3283 1439 3336 do

382 3367 511 3423 dominio
529 3388 604 3434 meo,
619 3376 649 3424 et
661 3369 812 3423 dimidiam
832 3385 931 3423 acram
944 3386 1010 3438 quus
1027 3366 1124 3422 tendit
1140 3368 1171 3421 in
1184 3366 1437 3429 Hundenesmere‚

383 3458 413 3506 et
431 3471 519 3507 unam
537 3471 635 3507 acram
653 3453 684 3507 in
696 3451 862 3507 Forcumbe
882 3469 948 3522 quae
967 3451 1024 3505 suit
1035 3450 1168 3514 Peverel,
1183 3456 1213 3505 et
1232 3469 1322 3505 unam
1340 3468 1438 3520 garam

384 3554 449 3606 quse
468 3535 564 3591 tendit
581 3553 669 3607 super
695 3535 865 3605 praedictum
893 3552 999 3597 acram,
1020 3541 1050 3589 ct
1068 3551 1156 3587 unam
1175 3551 1276 3587 acram
1294 3534 1350 3588 sub
1369 3533 1440 3604 Cep

382 3620 573 3691 padebrugge
595 3619 680 3690 juxta
705 3636 802 3673 acram
821 3636 909 3688 quarn
931 3617 1076 3673 Ricardus
1102 3617 1250 3687 Angiicus
1278 3618 1384 3681 tenuit,
1409 3617 1438 3670 in

383 3720 487 3775 campo
505 3722 609 3758 versus
628 3701 788 3757 australem
807 3708 934 3772 quatuor
959 3701 1097 3755 dimidias
1125 3718 1207 3755 acras
1235 3718 1302 3771 qua>
1322 3703 1439 3755 fuerunt

382 3785 525 3842 Alueredi
544 3787 659 3857 Wagge
678 3803 742 3856 quae
760 3784 884 3839 tendunt
909 3801 998 3855 super
1015 3783 1189 3838 Havedacre
1208 3783 1370 3854 Reginaldi
1388 3782 1438 3837 iiiii

382 3866 516 3935 Walteri,
537 3877 567 3925 et
584 3888 672 3924 unam
690 3887 787 3923 acram
811 3874 842 3923 et
859 3868 1012 3922 dimidiam
1029 3885 1133 3922 versus
1151 3867 1358 3939 Musebruggc
1376 3884 1438 3938 quae

382 3950 507 4006 tendunt
526 3971 614 4024 snper
635 3966 744 4008 terram
764 3950 939 4020 Reginaidi¹
959 3950 995 4004 de
1013 3949 1158 4012 Haddele‚
1180 3956 1210 4005 et
1227 3968 1319 4004 unam
1338 3968 1437 4022 garam

381 4030 460 4084 inter
472 4038 582 4089 terram
592 4035 741 4105 Radulphi
753 4034 893 4088 Muearde
906 4038 937 4089 et
948 4032 1107 4103 Reginaldi
1120 4032 1327 4099 filiiWalteri;
1341 4042 1437 4088 tanen·

381 4112 434 4166 das
447 4114 483 4168 do
496 4134 542 4171 me
556 4125 586 4173 et
599 4118 765 4173 haeredibus
777 4119 852 4171 meis
864 4117 973 4171 liberas
986 4123 1016 4171 et
1034 4117 1149 4187 quietas
1168 4115 1206 4171 ab
1218 4117 1298 4171 omni
1319 4118 1439 4172 servitio

381 4201 412 4248 ct
429 4202 638 4256 consuetudine
657 4209 688 4257 et
706 4200 827 4273 querela
844 4208 875 4256 et
893 4201 1052 4266 exactione,
1072 4200 1104 4254 in
1122 4200 1220 4265 bosco,
1240 4200 1389 4272 inpiam,
1408 4201 1437 4255 in

381 4279 483 4346 pratis,
516 4289 546 4337 ct
572 4286 710 4354 pasturis,
736 4285 767 4338 in
791 4284 864 4338 villa
889 4291 919 4339 et
944 4289 1026 4338 extra
1053 4282 1165 4345 villam,
1186 4289 1217 4339 et
1243 4284 1275 4338 in
1302 4285 1437 4339 omnibus

380 4360 447 4415 aliis
478 4364 560 4431 locis,
593 4368 624 4421 in
655 4368 788 4433 liberam,
820 4385 933 4439 puram,
966 4373 997 4422 et
1026 4372 1198 4436 perpetuam
1235 4368 1435 4423 elemosinam.

558 4625 563 4653 ¹
583 4622 728 4690 Repinoldr]
746 4623 840 4689 Repeti
849 4623 876 4673 in
888 4623 989 4675 charta
999 4623 1047 4674 No.
1061 4622 1254 4677 ccoaxxvi
