3158 5610
459 819 639 868 sremntx
661 818 705 866 ro
728 818 998 867 monemus.
1150 804 1248 870 lxxiii

194 993 307 1069 Hyicoa
324 993 400 1070 'uda
416 993 504 1063 idgnt
521 993 616 1046 haeres
634 1002 666 1046 et
691 992 875 1056 nominatur;
907 1000 937 1046 et
961 1005 1000 1047 tot
1017 992 1249 1069 pcnpcanrtanc¹

194 1095 242 1130 π.
261 1090 455 1140 cassatorum,
473 1083 503 1130 et
521 1077 553 1129 in
570 1075 630 1130 alio
646 1075 712 1129 loco
729 1082 768 1130 aet
786 1067 1012 1152 Ceddnnpryde²
1034 1077 1156 1131 interra
1168 1096 1251 1131 mon·

195 1165 281 1213 ω’
310 1178 358 1213 xv.
377 1168 576 1223 mmmmm
602 1159 682 1213 etin
698 1158 912 1228 Nymdesselda
929 1160 972 1212 iii.
990 1172 1157 1225 maneutcs;
1179 1164 1251 1215 istas

194 1252 288 1296 terras
306 1243 421 1296 Aldred
447 1243 625 1312 subregulus
651 1242 844 1296 Huicciorum
872 1260 972 1296 omnes
991 1262 1044 1313 pro
1063 1264 1094 1298 se
1113 1245 1251 1298 dedisset.

194 1325 342 1380 Similiter
365 1327 456 1380 etiam
481 1333 585 1396 rustes
610 1325 770 1379 AEelmund
794 1326 826 1378 in
852 1325 997 1396 Geldingo
1031 1346 1096 1381 xxx.
1128 1329 1253 1383 tributa·

191 1410 306 1463 riorum
317 1410 475 1480 AEeoport‘
486 1408 579 1473 dedit,
593 1422 623 1463 et
635 1428 719 1462 mv.
732 1408 762 1462 in
775 1408 888 1462 Lecche
900 1410 1020 1463 familiae
1039 1411 1098 1465 illae
1111 1411 1149 1465 ad
1167 1431 1251 1466 snam

193 1511 336 1556 mensam,
363 1492 524 1547 concedens
549 1502 580 1547 et
605 1493 636 1546 in
663 1492 721 1546 alio
748 1492 812 1545 loco
837 1492 1082 1562 Biesingburnan‚
1116 1495 1251 1549 Stanedis

194 1594 241 1629 xv.
254 1584 447 1641 meatorum,
460 1575 628 1646 Beornpulf
642 1593 694 1629 rex
712 1575 768 1629 sibi
788 1576 818 1627 in
836 1575 1024 1630 elemosinam
1042 1578 1102 1631 illis
1115 1578 1250 1641 donabat,

193 1659 241 1714 et⁵
268 1659 466 1714 Nodehsrdus
498 1659 656 1730 praefectus
684 1670 714 1712 et
740 1658 858 1713 comes‘
884 1659 965 1729 regis
990 1661 1022 1713 in
1045 1661 1250 1732 Magansetnm

192 1744 249 1797 iiii.
263 1756 416 1798 manentes
427 1761 465 1798 on
476 1741 758 1797 Brieucandui'eldu⁷
776 1759 829 1812 per
841 1741 926 1795 illum
945 1742 982 1796 ad
999 1761 1130 1798 mensam
1150 1763 1251 1799 eornm

193 1826 334 1882 dedisset.
362 1827 469 1882 Omnes
482 1827 572 1882 etiam
594 1825 677 1880 iste⁸
697 1825 866 1880 donationes
878 1826 926 1879 rel
939 1826 1133 1882 baeredituriae
1146 1830 1252 1883 terrae’

194 1929 261 1980 quae
280 1911 312 1964 in
330 1912 387 1966 ista
403 1910 518 1965 cartula
544 1911 732 1965 eontinentur
759 1910 790 1963 in
815 1909 917 1963 multis
942 1910 1053 1965 sinodis
1071 1920 1101 1966 et
1119 1914 1251 1968 conciliis

192 1992 401 2066 counimus]
428 1996 565 2059 fuerunt;
591 2006 622 2050 et
646 1994 709 2048 Deo
735 1993 867 2047 liberntae
875 1993 895 2024 ¹⁰
913 2012 947 2048 ac
965 1994 1110 2059 donatae,¹¹
1129 2010 1159 2052 et
1184 2015 1251 2052 cum

194 2079 365 2132 testimonio
382 2085 413 2132 et
430 2078 596 2132 firmatione
613 2096 702 2131 manu
726 2094 832 2147 regum
850 2077 1039 2142 Merciorum,
1059 2079 1090 2132 id
1109 2090 1153 2134 est
1171 2082 1251 2135 AEel-

195 2161 293 2223 dredi,
321 2162 488 2227 Adelbaldt
517 2161 611 2224 Offan,
643 2174 674 2216 et
704 2161 867 2231 cunnum,
902 2174 932 2216 et
968 2163 1253 2234 archiepiscoporum

195 2246 317 2299 illorum
333 2263 446 2300 necnon
463 2255 494 2300 et
511 2245 637 2299 aliorum
661 2244 822 2299 multorum
849 2246 1024 2315 optimatum
1050 2246 1205 2319 descriptis
1223 2256 1253 2304 ct

193 2329 328 2383 liberatae
351 2336 382 2383 et
407 2327 613 2384 confimatae¹¹
631 2329 760 2392 fuerunt,
780 2336 810 2383 et
834 2347 909 2383 nunc
928 2330 1137 2400 pertinentesu
1156 2329 1251 2401 [sunt]

195 2412 233 2465 ad
251 2412 336 2466 sslam
361 2412 517 2467 ecclesiam
544 2430 610 2483 quae
635 2413 693 2465 sita
717 2413 813 2466 estin
832 2411 1021 2479 Gloucestre;
1048 2428 1079 2468 et
1101 2414 1164 2484 jam
1183 2433 1253 2468 vcro

194 2514 252 2565 ogo
263 2495 449 2566 Burgi-edus,
462 2495 526 2549 Deo
539 2493 830 2566 Omnipoteutissimo
843 2496 1018 2550 concedente
1036 2508 1065 2551 et
1084 2498 1251 2562 auxiliante,

196 2598 247 2633 rex
259 2579 469 2642 Mercencium,
483 2597 538 2649 pro
555 2578 685 2633 remedio
703 2579 808 2632 animae
827 2597 909 2641 mem,
923 2579 997 2632 mihi
1015 2580 1046 2632 in
1064 2580 1253 2636 elemosinam

196 2664 414 2733 =cmpiternam,
427 2663 558 2717 liberabo
576 2663 727 2717 civitatem
746 2663 828 2716 illam
846 2670 877 2718 et
895 2664 953 2716 alia
971 2665 1177 2719 monasteriola
1190 2666 1254 2721 loca

195 2765 262 2816 quae
280 2745 320 2800 ad
336 2764 370 2801 se
388 2745 528 2801 obediunt
552 2753 582 2801 et
606 2746 764 2817 pertinent,
785 2746 887 2800 eadem
912 2747 1058 2802 libertatis
1083 2767 1171 2804 causa
1195 2768 1253 2821 quo

194 2844 263 2883 unte
281 2831 402 2884 fuerunt
419 2829 549 2883 libertati
573 2829 629 2882 sub
655 2847 701 2882 me
728 2835 758 2883 et
782 2830 1016 2885 antecessoribus
1035 2832 1118 2895 meis,
1139 2845 1169 2888 et
1186 2834 1251 2896 hoc,

193 2932 263 2966 cum
281 2931 424 2968 consensu
452 2924 482 2966 et
506 2913 630 2966 concilio
648 2931 682 2965 ac
702 2912 821 2965 licentia
846 2913 975 2966 omnium
994 2917 1168 2984 optimatum
1187 2935 1252 2971 nos-

195 3014 320 3060 trorum,
340 2997 450 3051 factum
469 3004 515 3051 est
533 2997 564 3049 in
582 2996 634 3049 illo
652 2996 753 3065 regule
779 2997 844 3050 vico
869 3009 899 3051 et
922 2998 1046 3052 concilio
1071 3001 1149 3069 quod
1166 3001 1254 3055 habe-

195 3081 284 3134 batur
307 3092 346 3134 tet
364 3078 612 3155 pelerburnan3¹⁴
636 3094 666 3133 et
683 3080 782 3133 nullus
811 3080 898 3133 homo
922 3099 958 3135 cx
976 3084 1084 3137 nostris
1108 3085 1253 3139 ministris

193 3183 253 3218 uon
279 3165 456 3218 intromittet
481 3164 528 3217 rel
549 3174 663 3233 quaerat
681 3163 717 3217 ab
736 3163 796 3216 illis
815 3164 882 3233 plus
901 3166 1041 3234 majorem
1060 3186 1177 3222 cansam
1196 3170 1253 3222 nisi

194 3266 255 3318 quo
281 3256 350 3302 ante
377 3248 473 3302 suerat
499 3247 638 3302 donatum
665 3260 695 3301 et
718 3248 919 3312 constitutum,
939 3267 973 3303 ea
997 3251 1138 3306 duntaxat
1155 3252 1253 3307 condi·

192 3334 272 3386 tione
300 3340 420 3395 statuta,
440 3344 475 3386 nt
499 3333 645 3385 orationes
673 3331 793 3385 illorum
819 3330 1107 3405 deprecationesque,
1127 3353 1181 3406 pro
1206 3355 1254 3390 mc

192 3436 223 3472 et
242 3435 296 3488 pro
310 3418 402 3487 justis
420 3417 588 3471 bseredibns
612 3418 697 3481 meis,
713 3417 829 3487 jugiter
847 3418 878 3471 in
896 3419 950 3473 illu
973 3420 1097 3474 ecclesia
1115 3429 1200 3476 nocte
1224 3432 1254 3476 et

192 3502 242 3556 die
259 3503 431 3556 memoriter
449 3501 672 3556 servarentur.¹⁵
710 3500 767 3568 Qui
785 3520 856 3555 uero
881 3503 955 3557 hanc
978 3503 1141 3559 donationis
1166 3505 1253 3559 liber.

227 3813 233 3841 ι
254 3810 454 3876 imp-amn]
519 3809 700 3874 Wyarkeslou,
784 3811 972 3862 ’horedum
980 3813 1063 3878 lerroe]
1084 3814 1256 3864 btrediwlss

194 3891 318 3947 Imm,
329 3906 354 3954 μ
365 3896 390 3938 4,
751 3900 839 3951 terras,
851 3893 908 3942 its.

228 3971 240 4000 ²
257 3967 448 4034 astum]
515 3966 700 4032 cddanvrdu
786 3986 805 4013 ¹·
821 3983 943 4050 themu]
963 3986 1075 4044 nuens,
1086 3986 1144 4036 us.

194 4048 316 4107 ilistor'm,
326 4064 352 4113 p.
366 4056 390 4097 4.
548 4126 556 4141 .
727 4070 731 4085 '
787 4080 803 4108 ιι
821 4077 930 4143 mla]
948 4078 1129 4139 mim.-

226 4130 238 4157 ¹
253 4126 383 4192 m]
401 4134 497 4185 ”⁰⁰³⁹
508 4124 566 4174 Mb'
727 4094 732 4189 i
787 4172 806 4199 ¹²
821 4169 949 4234 descripta
960 4177 984 4218 et
1003 4168 1113 4219 liberale
1131 4176 1154 4217 el
1167 4169 1256 4232 confir·

226 4206 386 4272 ’Μ
404 4204 700 4266 Μ’ΜΡ’4“
727 4192 837 4313 imm]
856 4248 1255 4312 commensalium-

224 4284 421 4351 '“]‘¹‘³¹⁸·
727 4322 927 4405 {miuus

226 4363 701 4508 :fflffisi‘fflffis'fflffl
727 4410 731 4447 ³
787 4423 806 4451 ¹⁸
817 4419 982 4486 mam]
1001 4418 1159 4482 parmena,
1172 4417 1231 4467 ns.

193 4526 253 4579 feld.
263 4523 503 4584 orhmkmffeu,
520 4522 642 4581 Historia,
659 4535 700 4583 pp.
787 4516 806 4544 ¹⁸
824 4511 999 4575 Μενίππου]
1055 4510 1257 4569 Walesburuam‚

194 4606 326 4654 tandm.
753 4593 810 4644 MS.

227 4685 238 4712 ⁸
255 4684 324 4748 iste]
343 4683 412 4742 blaa,
422 4682 480 4732 HS.
728 4690 732 4713 ¹
786 4674 807 4704 ¹³
823 4667 993 4733 matur]
1012 4677 1132 4726 terrum,
1143 4667 1200 4717 HS.
