<?xml version="1.0" encoding="UTF-8"?>
<!DOCTYPE html PUBLIC "-//W3C//DTD XHTML 1.0 Transitional//EN"
    "http://www.w3.org/TR/xhtml1/DTD/xhtml1-transitional.dtd">
<html xmlns="http://www.w3.org/1999/xhtml" xml:lang="en" lang="en">
 <head>
  <title>
</title>
<meta http-equiv="Content-Type" content="text/html;charset=utf-8" />
  <meta name='ocr-system' content='tesseract 3.04.00' />
  <meta name='ocr-capabilities' content='ocr_page ocr_carea ocr_par ocr_line ocrx_word'/>
</head>
<body>
  <div class='ocr_page' id='page_1' title='image "./historiaetcartu00monagoog_0436.png"; bbox 0 0 3158 5610; ppageno 0'>
   <div class='ocr_carea' id='block_1_1' title="bbox 337 727 1111 793">
    <p class='ocr_par' dir='ltr' id='par_1_1' title="bbox 337 727 1111 793">
     <span class='ocr_line' id='line_1_1' title="bbox 337 727 1111 793; baseline 0.004 -3"><span class='ocrx_word' id='word_1_1' title='bbox 337 727 403 791; x_wconf 81' lang='lat'>330</span> <span class='ocrx_word' id='word_1_2' title='bbox 626 741 876 792; x_wconf 68' lang='lat' dir='ltr'>ammomum</span> <span class='ocrx_word' id='word_1_3' title='bbox 898 743 1111 793; x_wconf 79' lang='lat' dir='ltr'>nonssrnan</span> 
     </span>
    </p>
   </div>
   <div class='ocr_carea' id='block_1_2' title="bbox 703 1017 1063 1087">
    <p class='ocr_par' dir='ltr' id='par_1_2' title="bbox 703 1017 1063 1087">
     <span class='ocr_line' id='line_1_2' title="bbox 703 1017 1063 1087; baseline 0.006 -2"><span class='ocrx_word' id='word_1_4' title='bbox 703 1017 847 1086; x_wconf 70' lang='lat' dir='ltr'><strong>OCOIK</strong></span> <span class='ocrx_word' id='word_1_5' title='bbox 871 1017 921 1085; x_wconf 83' lang='lat' dir='ltr'>De</span> <span class='ocrx_word' id='word_1_6' title='bbox 943 1020 1063 1087; x_wconf 75' lang='lat' dir='ltr'>eodem.</span> 
     </span>
    </p>
   </div>
   <div class='ocr_carea' id='block_1_3' title="bbox 323 1170 1392 4081">
    <p class='ocr_par' dir='ltr' id='par_1_3' title="bbox 330 1170 1392 2326">
     <span class='ocr_line' id='line_1_3' title="bbox 374 1170 1392 1243; baseline 0 -17"><span class='ocrx_word' id='word_1_7' title='bbox 374 1170 475 1226; x_wconf 83' lang='lat' dir='ltr'>Sciant</span> <span class='ocrx_word' id='word_1_8' title='bbox 492 1178 650 1242; x_wconf 70' lang='lat' dir='ltr'>praesentes</span> <span class='ocrx_word' id='word_1_9' title='bbox 669 1178 700 1227; x_wconf 87' lang='lat' dir='ltr'>et</span> <span class='ocrx_word' id='word_1_10' title='bbox 716 1173 819 1237; x_wconf 86' lang='lat' dir='ltr'>futuri,</span> <span class='ocrx_word' id='word_1_11' title='bbox 839 1173 917 1243; x_wconf 91' lang='lat' dir='ltr'>quod</span> <span class='ocrx_word' id='word_1_12' title='bbox 935 1190 991 1243; x_wconf 83' lang='lat' dir='ltr'>ego</span> <span class='ocrx_word' id='word_1_13' title='bbox 1009 1172 1157 1227; x_wconf 88' lang='lat' dir='ltr'>Henrieus</span> <span class='ocrx_word' id='word_1_14' title='bbox 1175 1172 1256 1227; x_wconf 84' lang='lat' dir='ltr'>filius</span> <span class='ocrx_word' id='word_1_15' title='bbox 1268 1171 1392 1227; x_wconf 85' lang='lat' dir='ltr'>Roberti</span> 
     </span>
     <span class='ocr_line' id='line_1_4' title="bbox 339 1255 1392 1320; baseline -0.001 -9"><span class='ocrx_word' id='word_1_16' title='bbox 339 1255 401 1311; x_wconf 86' lang='lat' dir='ltr'>oooi</span> <span class='ocrx_word' id='word_1_17' title='bbox 424 1256 461 1309; x_wconf 90' lang='lat' dir='ltr'>de</span> <span class='ocrx_word' id='word_1_18' title='bbox 479 1255 656 1310; x_wconf 86' lang='lat' dir='ltr'>Herefordia</span> <span class='ocrx_word' id='word_1_19' title='bbox 680 1255 748 1310; x_wconf 83' lang='lat' dir='ltr'>dedi</span> <span class='ocrx_word' id='word_1_20' title='bbox 773 1262 804 1311; x_wconf 88' lang='lat' dir='ltr'>et</span> <span class='ocrx_word' id='word_1_21' title='bbox 828 1257 967 1320; x_wconf 86' lang='lat' dir='ltr'>oouoessi,</span> <span class='ocrx_word' id='word_1_22' title='bbox 988 1263 1018 1310; x_wconf 87' lang='lat' dir='ltr'>et</span> <span class='ocrx_word' id='word_1_23' title='bbox 1041 1257 1097 1311; x_wconf 83' lang='lat' dir='ltr'>heo</span> <span class='ocrx_word' id='word_1_24' title='bbox 1122 1273 1190 1310; x_wconf 82' lang='lat' dir='ltr'>mea</span> <span class='ocrx_word' id='word_1_25' title='bbox 1216 1262 1300 1311; x_wconf 76' lang='lat' dir='ltr'>ouria</span> <span class='ocrx_word' id='word_1_26' title='bbox 1327 1274 1392 1310; x_wconf 86' lang='lat' dir='ltr'>con·</span> 
     </span>
     <span class='ocr_line' id='line_1_5' title="bbox 336 1338 1392 1410; baseline 0.001 -18"><span class='ocrx_word' id='word_1_27' title='bbox 336 1338 460 1402; x_wconf 84' lang='lat' dir='ltr'>firmavi,</span> <span class='ocrx_word' id='word_1_28' title='bbox 481 1338 597 1408; x_wconf 82' lang='lat' dir='ltr'>Rogero</span> <span class='ocrx_word' id='word_1_29' title='bbox 616 1339 848 1410; x_wconf 72' lang='lat' dir='ltr'>champenoys,</span> <span class='ocrx_word' id='word_1_30' title='bbox 868 1357 922 1409; x_wconf 88' lang='lat' dir='ltr'>pro</span> <span class='ocrx_word' id='word_1_31' title='bbox 941 1339 1060 1395; x_wconf 82' lang='lat' dir='ltr'>servitio</span> <span class='ocrx_word' id='word_1_32' title='bbox 1078 1357 1141 1403; x_wconf 91' lang='lat' dir='ltr'>suo,</span> <span class='ocrx_word' id='word_1_33' title='bbox 1162 1347 1203 1394; x_wconf 85' lang='lat' dir='ltr'>et·</span> <span class='ocrx_word' id='word_1_34' title='bbox 1215 1357 1271 1410; x_wconf 90' lang='lat' dir='ltr'>pro</span> <span class='ocrx_word' id='word_1_35' title='bbox 1288 1339 1392 1394; x_wconf 86' lang='lat' dir='ltr'>decem</span> 
     </span>
     <span class='ocr_line' id='line_1_6' title="bbox 336 1422 1390 1493; baseline 0.002 -19"><span class='ocrx_word' id='word_1_36' title='bbox 336 1422 441 1476; x_wconf 84' lang='lat' dir='ltr'>merois</span> <span class='ocrx_word' id='word_1_37' title='bbox 460 1422 575 1491; x_wconf 71' lang='lat' dir='ltr'>argenti</span> <span class='ocrx_word' id='word_1_38' title='bbox 600 1439 672 1492; x_wconf 82' lang='lat' dir='ltr'>ques</span> <span class='ocrx_word' id='word_1_39' title='bbox 696 1422 770 1476; x_wconf 88' lang='lat' dir='ltr'>mihi</span> <span class='ocrx_word' id='word_1_40' title='bbox 794 1440 854 1493; x_wconf 78' lang='lat' dir='ltr'>prae</span> <span class='ocrx_word' id='word_1_41' title='bbox 872 1423 1006 1477; x_wconf 85' lang='lat' dir='ltr'>menibus</span> <span class='ocrx_word' id='word_1_42' title='bbox 1024 1422 1148 1493; x_wconf 79' lang='lat' dir='ltr'>pacavit,</span> <span class='ocrx_word' id='word_1_43' title='bbox 1170 1427 1262 1476; x_wconf 79' lang='lat' dir='ltr'>totum</span> <span class='ocrx_word' id='word_1_44' title='bbox 1280 1428 1390 1476; x_wconf 76' lang='lat' dir='ltr'>terrum</span> 
     </span>
     <span class='ocr_line' id='line_1_7' title="bbox 338 1505 1390 1576; baseline 0.001 -17"><span class='ocrx_word' id='word_1_45' title='bbox 338 1505 430 1570; x_wconf 88' lang='lat' dir='ltr'>illam,</span> <span class='ocrx_word' id='word_1_46' title='bbox 450 1523 518 1560; x_wconf 85' lang='lat' dir='ltr'>oum</span> <span class='ocrx_word' id='word_1_47' title='bbox 545 1505 688 1571; x_wconf 75' lang='lat' dir='ltr'><strong>domibus,</strong></span> <span class='ocrx_word' id='word_1_48' title='bbox 714 1506 856 1569; x_wconf 72' lang='lat' dir='ltr'>aedificiis,</span> <span class='ocrx_word' id='word_1_49' title='bbox 883 1513 914 1561; x_wconf 91' lang='lat' dir='ltr'>et</span> <span class='ocrx_word' id='word_1_50' title='bbox 943 1524 1010 1562; x_wconf 86' lang='lat' dir='ltr'>cum</span> <span class='ocrx_word' id='word_1_51' title='bbox 1040 1506 1174 1560; x_wconf 86' lang='lat' dir='ltr'>omnibus</span> <span class='ocrx_word' id='word_1_52' title='bbox 1202 1506 1390 1576; x_wconf 74' lang='lat' dir='ltr'>pertinentiis</span> 
     </span>
     <span class='ocr_line' id='line_1_8' title="bbox 336 1588 1392 1660; baseline 0.002 -18"><span class='ocrx_word' id='word_1_53' title='bbox 336 1588 406 1651; x_wconf 90' lang='lat' dir='ltr'>suis,</span> <span class='ocrx_word' id='word_1_54' title='bbox 427 1606 492 1658; x_wconf 81' lang='lat' dir='ltr'>quae</span> <span class='ocrx_word' id='word_1_55' title='bbox 507 1589 587 1658; x_wconf 84' lang='lat' dir='ltr'>jooet</span> <span class='ocrx_word' id='word_1_56' title='bbox 604 1590 682 1644; x_wconf 87' lang='lat' dir='ltr'>inter</span> <span class='ocrx_word' id='word_1_57' title='bbox 699 1590 865 1645; x_wconf 88' lang='lat' dir='ltr'>cheminum</span> <span class='ocrx_word' id='word_1_58' title='bbox 884 1590 936 1660; x_wconf 92' lang='lat' dir='ltr'>qui</span> <span class='ocrx_word' id='word_1_59' title='bbox 954 1589 1036 1644; x_wconf 92' lang='lat' dir='ltr'>duoit</span> <span class='ocrx_word' id='word_1_60' title='bbox 1053 1589 1091 1643; x_wconf 83' lang='lat' dir='ltr'>od</span> <span class='ocrx_word' id='word_1_61' title='bbox 1107 1590 1229 1644; x_wconf 89' lang='lat' dir='ltr'>domum</span> <span class='ocrx_word' id='word_1_62' title='bbox 1248 1606 1314 1659; x_wconf 82' lang='lat' dir='ltr'>quae</span> <span class='ocrx_word' id='word_1_63' title='bbox 1334 1591 1392 1644; x_wconf 85' lang='lat' dir='ltr'>fuit</span> 
     </span>
     <span class='ocr_line' id='line_1_9' title="bbox 336 1671 1387 1743; baseline 0.002 -18"><span class='ocrx_word' id='word_1_64' title='bbox 336 1672 447 1742; x_wconf 84' lang='lat' dir='ltr'>Bogeri</span> <span class='ocrx_word' id='word_1_65' title='bbox 474 1671 636 1743; x_wconf 85' lang='lat' dir='ltr'>Smnlpurs,</span> <span class='ocrx_word' id='word_1_66' title='bbox 662 1679 693 1728; x_wconf 88' lang='lat' dir='ltr'>et</span> <span class='ocrx_word' id='word_1_67' title='bbox 712 1674 831 1728; x_wconf 91' lang='lat' dir='ltr'>domum</span> <span class='ocrx_word' id='word_1_68' title='bbox 848 1672 992 1735; x_wconf 79' lang='lat' dir='ltr'>Willelmi</span> <span class='ocrx_word' id='word_1_69' title='bbox 1016 1673 1052 1727; x_wconf 87' lang='lat' dir='ltr'>de</span> <span class='ocrx_word' id='word_1_70' title='bbox 1076 1672 1202 1728; x_wconf 84' lang='lat' dir='ltr'>Braoino</span> <span class='ocrx_word' id='word_1_71' title='bbox 1221 1673 1387 1736; x_wconf 82' lang='lat' dir='ltr'>Prioretus,</span> 
     </span>
     <span class='ocr_line' id='line_1_10' title="bbox 334 1755 1389 1827; baseline 0.002 -19"><span class='ocrx_word' id='word_1_72' title='bbox 334 1760 364 1809; x_wconf 84' lang='lat' dir='ltr'>et</span> <span class='ocrx_word' id='word_1_73' title='bbox 381 1755 453 1816; x_wconf 88' lang='lat' dir='ltr'>duos</span> <span class='ocrx_word' id='word_1_74' title='bbox 472 1756 605 1825; x_wconf 83' lang='lat' dir='ltr'>seyloues</span> <span class='ocrx_word' id='word_1_75' title='bbox 623 1760 709 1810; x_wconf 80' lang='lat' dir='ltr'>terroe</span> <span class='ocrx_word' id='word_1_76' title='bbox 728 1757 760 1810; x_wconf 89' lang='lat' dir='ltr'>iu</span> <span class='ocrx_word' id='word_1_77' title='bbox 782 1756 932 1811; x_wconf 81' lang='lat' dir='ltr'>Portielde</span> <span class='ocrx_word' id='word_1_78' title='bbox 957 1773 1022 1826; x_wconf 82' lang='lat' dir='ltr'>quae</span> <span class='ocrx_word' id='word_1_79' title='bbox 1043 1755 1142 1826; x_wconf 83' lang='lat' dir='ltr'>jacent</span> <span class='ocrx_word' id='word_1_80' title='bbox 1163 1756 1250 1826; x_wconf 82' lang='lat' dir='ltr'>juxta</span> <span class='ocrx_word' id='word_1_81' title='bbox 1273 1762 1389 1827; x_wconf 86' lang='lat' dir='ltr'>portam</span> 
     </span>
     <span class='ocr_line' id='line_1_11' title="bbox 335 1836 1390 1910; baseline 0.002 -19"><span class='ocrx_word' id='word_1_82' title='bbox 335 1836 474 1892; x_wconf 72' lang='lat' dir='ltr'>cimiterii</span> <span class='ocrx_word' id='word_1_83' title='bbox 493 1839 593 1894; x_wconf 77' lang='lat' dir='ltr'>Sancti</span> <span class='ocrx_word' id='word_1_84' title='bbox 612 1838 750 1894; x_wconf 79' lang='lat' dir='ltr'>Guthlaoi</span> <span class='ocrx_word' id='word_1_85' title='bbox 765 1839 850 1909; x_wconf 82' lang='lat' dir='ltr'>juxta</span> <span class='ocrx_word' id='word_1_86' title='bbox 873 1838 1051 1893; x_wconf 78' lang='lat' dir='ltr'>dominicum</span> <span class='ocrx_word' id='word_1_87' title='bbox 1069 1839 1179 1893; x_wconf 90' lang='lat' dir='ltr'>domini</span> <span class='ocrx_word' id='word_1_88' title='bbox 1197 1840 1339 1910; x_wconf 78' lang='lat' dir='ltr'>episcopi,</span> <span class='ocrx_word' id='word_1_89' title='bbox 1361 1849 1390 1894; x_wconf 88' lang='lat' dir='ltr'>et</span> 
     </span>
     <span class='ocr_line' id='line_1_12' title="bbox 338 1921 1388 1994; baseline 0.003 -20"><span class='ocrx_word' id='word_1_90' title='bbox 338 1939 466 1975; x_wconf 81' lang='lat' dir='ltr'>annuum</span> <span class='ocrx_word' id='word_1_91' title='bbox 484 1922 632 1977; x_wconf 89' lang='lat' dir='ltr'>redditum</span> <span class='ocrx_word' id='word_1_92' title='bbox 650 1921 716 1976; x_wconf 84' lang='lat' dir='ltr'>sex¹</span> <span class='ocrx_word' id='word_1_93' title='bbox 736 1921 921 1977; x_wconf 82' lang='lat' dir='ltr'>denariorum</span> <span class='ocrx_word' id='word_1_94' title='bbox 939 1922 1158 1994; x_wconf 83' lang='lat' dir='ltr'>percipiendum</span> <span class='ocrx_word' id='word_1_95' title='bbox 1170 1922 1207 1977; x_wconf 91' lang='lat' dir='ltr'>de</span> <span class='ocrx_word' id='word_1_96' title='bbox 1219 1922 1388 1977; x_wconf 71' lang='lat' dir='ltr'>haeredibus</span> 
     </span>
     <span class='ocr_line' id='line_1_13' title="bbox 332 2005 1389 2071; baseline 0.001 -13"><span class='ocrx_word' id='word_1_97' title='bbox 332 2005 451 2059; x_wconf 83' lang='lat' dir='ltr'>Bicerdi</span> <span class='ocrx_word' id='word_1_98' title='bbox 464 2005 555 2059; x_wconf 79' lang='lat' dir='ltr'>Fulch</span> <span class='ocrx_word' id='word_1_99' title='bbox 573 2005 611 2059; x_wconf 83' lang='lat' dir='ltr'>od</span> <span class='ocrx_word' id='word_1_100' title='bbox 623 2006 730 2061; x_wconf 83' lang='lat' dir='ltr'>festum</span> <span class='ocrx_word' id='word_1_101' title='bbox 743 2005 845 2061; x_wconf 82' lang='lat' dir='ltr'>Sancti</span> <span class='ocrx_word' id='word_1_102' title='bbox 855 2005 1025 2071; x_wconf 79' lang='lat' dir='ltr'>Michaelis3</span> <span class='ocrx_word' id='word_1_103' title='bbox 1045 2005 1194 2059; x_wconf 81' lang='lat' dir='ltr'>habende²</span> <span class='ocrx_word' id='word_1_104' title='bbox 1213 2012 1245 2059; x_wconf 91' lang='lat' dir='ltr'>et</span> <span class='ocrx_word' id='word_1_105' title='bbox 1262 2006 1389 2060; x_wconf 80' lang='lat' dir='ltr'>tenenda</span> 
     </span>
     <span class='ocr_line' id='line_1_14' title="bbox 334 2088 1387 2160; baseline -0.001 -17"><span class='ocrx_word' id='word_1_106' title='bbox 334 2088 370 2143; x_wconf 92' lang='lat' dir='ltr'>de</span> <span class='ocrx_word' id='word_1_107' title='bbox 389 2106 435 2142; x_wconf 89' lang='lat' dir='ltr'>mo</span> <span class='ocrx_word' id='word_1_108' title='bbox 454 2094 484 2143; x_wconf 85' lang='lat' dir='ltr'>et</span> <span class='ocrx_word' id='word_1_109' title='bbox 502 2089 667 2143; x_wconf 82' lang='lat' dir='ltr'>haeredibus</span> <span class='ocrx_word' id='word_1_110' title='bbox 685 2089 758 2143; x_wconf 88' lang='lat' dir='ltr'>meis</span> <span class='ocrx_word' id='word_1_111' title='bbox 776 2089 824 2143; x_wconf 91' lang='lat' dir='ltr'>vel</span> <span class='ocrx_word' id='word_1_112' title='bbox 842 2089 915 2143; x_wconf 88' lang='lat' dir='ltr'>meis</span> <span class='ocrx_word' id='word_1_113' title='bbox 934 2089 1092 2160; x_wconf 83' lang='lat' dir='ltr'>assignatis</span> <span class='ocrx_word' id='word_1_114' title='bbox 1106 2089 1162 2143; x_wconf 89' lang='lat' dir='ltr'>sibi</span> <span class='ocrx_word' id='word_1_115' title='bbox 1176 2094 1206 2142; x_wconf 91' lang='lat' dir='ltr'>et</span> <span class='ocrx_word' id='word_1_116' title='bbox 1217 2089 1387 2143; x_wconf 82' lang='lat' dir='ltr'>haeredibus</span> 
     </span>
     <span class='ocr_line' id='line_1_15' title="bbox 331 2172 1387 2243; baseline 0.001 -16"><span class='ocrx_word' id='word_1_117' title='bbox 331 2173 393 2227; x_wconf 90' lang='lat' dir='ltr'>suis</span> <span class='ocrx_word' id='word_1_118' title='bbox 411 2173 458 2226; x_wconf 81' lang='lat' dir='ltr'>vel</span> <span class='ocrx_word' id='word_1_119' title='bbox 478 2172 539 2227; x_wconf 90' lang='lat' dir='ltr'>suis</span> <span class='ocrx_word' id='word_1_120' title='bbox 558 2173 716 2243; x_wconf 84' lang='lat' dir='ltr'>assignatis</span> <span class='ocrx_word' id='word_1_121' title='bbox 734 2172 766 2227; x_wconf 92' lang='lat' dir='ltr'>iu</span> <span class='ocrx_word' id='word_1_122' title='bbox 784 2172 867 2228; x_wconf 78' lang='lat' dir='ltr'>feodo</span> <span class='ocrx_word' id='word_1_123' title='bbox 879 2179 909 2227; x_wconf 92' lang='lat' dir='ltr'>et</span> <span class='ocrx_word' id='word_1_124' title='bbox 926 2173 1106 2235; x_wconf 67' lang='lat' dir='ltr'>hereditate,</span> <span class='ocrx_word' id='word_1_125' title='bbox 1126 2172 1218 2226; x_wconf 87' lang='lat' dir='ltr'>libere</span> <span class='ocrx_word' id='word_1_126' title='bbox 1238 2179 1269 2228; x_wconf 89' lang='lat' dir='ltr'>et</span> <span class='ocrx_word' id='word_1_127' title='bbox 1287 2175 1387 2243; x_wconf 81' lang='lat' dir='ltr'>quiete</span> 
     </span>
     <span class='ocr_line' id='line_1_16' title="bbox 330 2256 961 2326; baseline 0.002 -17"><span class='ocrx_word' id='word_1_128' title='bbox 330 2262 361 2310; x_wconf 88' lang='lat' dir='ltr'>et</span> <span class='ocrx_word' id='word_1_129' title='bbox 378 2257 507 2326; x_wconf 85' lang='lat' dir='ltr'>plenarie</span> <span class='ocrx_word' id='word_1_130' title='bbox 526 2257 556 2309; x_wconf 93' lang='lat' dir='ltr'>in</span> <span class='ocrx_word' id='word_1_131' title='bbox 574 2256 708 2310; x_wconf 85' lang='lat' dir='ltr'>omnibus</span> <span class='ocrx_word' id='word_1_132' title='bbox 726 2256 798 2311; x_wconf 90' lang='lat' dir='ltr'>locis</span> <span class='ocrx_word' id='word_1_133' title='bbox 817 2264 847 2310; x_wconf 86' lang='lat' dir='ltr'>et</span> <span class='ocrx_word' id='word_1_134' title='bbox 864 2257 961 2310; x_wconf 86' lang='lat' dir='ltr'>rebus.</span> 
     </span>
    </p>

    <p class='ocr_par' dir='ltr' id='par_1_4' title="bbox 325 2337 1387 3899">
     <span class='ocr_line' id='line_1_17' title="bbox 368 2337 1386 2409; baseline 0 -17"><span class='ocrx_word' id='word_1_135' title='bbox 368 2339 526 2393; x_wconf 88' lang='lat' dir='ltr'>Reddendo</span> <span class='ocrx_word' id='word_1_136' title='bbox 556 2338 623 2392; x_wconf 89' lang='lat' dir='ltr'>inde</span> <span class='ocrx_word' id='word_1_137' title='bbox 661 2339 810 2393; x_wconf 77' lang='lat' dir='ltr'>annuatim</span> <span class='ocrx_word' id='word_1_138' title='bbox 854 2337 1075 2409; x_wconf 83' lang='lat' dir='ltr'>quatuordecim</span> <span class='ocrx_word' id='word_1_139' title='bbox 1115 2337 1224 2393; x_wconf 89' lang='lat' dir='ltr'>solidos</span> <span class='ocrx_word' id='word_1_140' title='bbox 1270 2337 1386 2393; x_wconf 83' lang='lat' dir='ltr'>duobus</span> 
     </span>
     <span class='ocr_line' id='line_1_18' title="bbox 331 2421 1385 2486; baseline -0.002 -9"><span class='ocrx_word' id='word_1_141' title='bbox 331 2423 465 2478; x_wconf 84' lang='lat' dir='ltr'>terminis</span> <span class='ocrx_word' id='word_1_142' title='bbox 492 2423 569 2485; x_wconf 90' lang='lat' dir='ltr'>anni,</span> <span class='ocrx_word' id='word_1_143' title='bbox 597 2422 635 2476; x_wconf 86' lang='lat' dir='ltr'>ad</span> <span class='ocrx_word' id='word_1_144' title='bbox 652 2423 762 2476; x_wconf 82' lang='lat' dir='ltr'>festum</span> <span class='ocrx_word' id='word_1_145' title='bbox 788 2422 887 2477; x_wconf 78' lang='lat' dir='ltr'>Sancti</span> <span class='ocrx_word' id='word_1_146' title='bbox 905 2422 1060 2477; x_wconf 83' lang='lat' dir='ltr'>Miohuelis</span> <span class='ocrx_word' id='word_1_147' title='bbox 1079 2439 1167 2475; x_wconf 88' lang='lat' dir='ltr'>unam</span> <span class='ocrx_word' id='word_1_148' title='bbox 1185 2421 1385 2486; x_wconf 82' lang='lat' dir='ltr'>medietatem,</span> 
     </span>
     <span class='ocr_line' id='line_1_19' title="bbox 330 2504 1387 2575; baseline -0.002 -15"><span class='ocrx_word' id='word_1_149' title='bbox 330 2514 360 2561; x_wconf 86' lang='lat' dir='ltr'>et</span> <span class='ocrx_word' id='word_1_150' title='bbox 384 2506 506 2560; x_wconf 84' lang='lat' dir='ltr'>alterum</span> <span class='ocrx_word' id='word_1_151' title='bbox 531 2505 716 2559; x_wconf 82' lang='lat' dir='ltr'>medietatem</span> <span class='ocrx_word' id='word_1_152' title='bbox 742 2506 779 2559; x_wconf 85' lang='lat' dir='ltr'>od</span> <span class='ocrx_word' id='word_1_153' title='bbox 800 2505 1062 2560; x_wconf 87' lang='lat' dir='ltr'>Annunoiationem</span> <span class='ocrx_word' id='word_1_154' title='bbox 1080 2505 1179 2559; x_wconf 84' lang='lat' dir='ltr'>Beatae</span> <span class='ocrx_word' id='word_1_155' title='bbox 1198 2504 1311 2569; x_wconf 68' lang='lat' dir='ltr'>Mariae,</span> <span class='ocrx_word' id='word_1_156' title='bbox 1334 2525 1387 2575; x_wconf 91' lang='lat' dir='ltr'>pro</span> 
     </span>
     <span class='ocr_line' id='line_1_20' title="bbox 330 2588 1386 2653; baseline -0.001 -8"><span class='ocrx_word' id='word_1_157' title='bbox 330 2591 409 2645; x_wconf 89' lang='lat' dir='ltr'>omni</span> <span class='ocrx_word' id='word_1_158' title='bbox 428 2588 558 2652; x_wconf 81' lang='lat' dir='ltr'>servitio,</span> <span class='ocrx_word' id='word_1_159' title='bbox 578 2589 797 2653; x_wconf 82' lang='lat' dir='ltr'>consuetudine,</span> <span class='ocrx_word' id='word_1_160' title='bbox 817 2596 848 2644; x_wconf 91' lang='lat' dir='ltr'>et</span> <span class='ocrx_word' id='word_1_161' title='bbox 874 2589 1026 2653; x_wconf 85' lang='lat' dir='ltr'>demanda,</span> <span class='ocrx_word' id='word_1_162' title='bbox 1046 2588 1084 2644; x_wconf 82' lang='lat' dir='ltr'>ed</span> <span class='ocrx_word' id='word_1_163' title='bbox 1110 2605 1158 2643; x_wconf 90' lang='lat' dir='ltr'>me</span> <span class='ocrx_word' id='word_1_164' title='bbox 1184 2588 1233 2642; x_wconf 86' lang='lat' dir='ltr'>vel</span> <span class='ocrx_word' id='word_1_165' title='bbox 1251 2588 1386 2644; x_wconf 80' lang='lat' dir='ltr'>haeredes</span> 
     </span>
     <span class='ocr_line' id='line_1_21' title="bbox 330 2672 1386 2742; baseline 0 -13"><span class='ocrx_word' id='word_1_166' title='bbox 330 2691 411 2729; x_wconf 87' lang='lat' dir='ltr'>meos</span> <span class='ocrx_word' id='word_1_167' title='bbox 430 2674 491 2727; x_wconf 81' lang='lat' dir='ltr'>sive</span> <span class='ocrx_word' id='word_1_168' title='bbox 510 2672 673 2742; x_wconf 74' lang='lat' dir='ltr'>assignatos</span> <span class='ocrx_word' id='word_1_169' title='bbox 691 2672 864 2742; x_wconf 67' lang='lat' dir='ltr'>pertinente.</span> <span class='ocrx_word' id='word_1_170' title='bbox 890 2672 930 2726; x_wconf 82' lang='lat' dir='ltr'>Et</span> <span class='ocrx_word' id='word_1_171' title='bbox 947 2672 1043 2727; x_wconf 81' lang='lat' dir='ltr'>dietus</span> <span class='ocrx_word' id='word_1_172' title='bbox 1061 2673 1197 2742; x_wconf 81' lang='lat' dir='ltr'>Rogerue</span> <span class='ocrx_word' id='word_1_173' title='bbox 1209 2678 1240 2728; x_wconf 88' lang='lat' dir='ltr'>et</span> <span class='ocrx_word' id='word_1_174' title='bbox 1251 2673 1386 2729; x_wconf 84' lang='lat' dir='ltr'>haeredes</span> 
     </span>
     <span class='ocr_line' id='line_1_22' title="bbox 331 2756 1385 2826; baseline 0.001 -14"><span class='ocrx_word' id='word_1_175' title='bbox 331 2757 378 2812; x_wconf 86' lang='lat' dir='ltr'>sui</span> <span class='ocrx_word' id='word_1_176' title='bbox 404 2757 466 2812; x_wconf 87' lang='lat' dir='ltr'>sive</span> <span class='ocrx_word' id='word_1_177' title='bbox 492 2756 633 2826; x_wconf 82' lang='lat' dir='ltr'>essigneti</span> <span class='ocrx_word' id='word_1_178' title='bbox 657 2756 768 2813; x_wconf 86' lang='lat' dir='ltr'>dietum</span> <span class='ocrx_word' id='word_1_179' title='bbox 792 2761 990 2811; x_wconf 86' lang='lat' dir='ltr'>tenementum</span> <span class='ocrx_word' id='word_1_180' title='bbox 1013 2757 1130 2812; x_wconf 89' lang='lat' dir='ltr'>nomine</span> <span class='ocrx_word' id='word_1_181' title='bbox 1147 2773 1213 2811; x_wconf 87' lang='lat' dir='ltr'>meo</span> <span class='ocrx_word' id='word_1_182' title='bbox 1239 2756 1385 2813; x_wconf 83' lang='lat' dir='ltr'>desectis</span> 
     </span>
     <span class='ocr_line' id='line_1_23' title="bbox 329 2838 1385 2910; baseline -0.002 -13"><span class='ocrx_word' id='word_1_183' title='bbox 329 2841 418 2897; x_wconf 72' lang='lat' dir='ltr'>ouria</span> <span class='ocrx_word' id='word_1_184' title='bbox 444 2840 554 2895; x_wconf 91' lang='lat' dir='ltr'>domini</span> <span class='ocrx_word' id='word_1_185' title='bbox 580 2838 709 2910; x_wconf 77' lang='lat' dir='ltr'>episcopi</span> <span class='ocrx_word' id='word_1_186' title='bbox 734 2839 969 2903; x_wconf 81' lang='lat' dir='ltr'>Herefordensis,</span> <span class='ocrx_word' id='word_1_187' title='bbox 989 2846 1020 2895; x_wconf 85' lang='lat' dir='ltr'>et</span> <span class='ocrx_word' id='word_1_188' title='bbox 1046 2839 1083 2893; x_wconf 89' lang='lat' dir='ltr'>de</span> <span class='ocrx_word' id='word_1_189' title='bbox 1100 2839 1235 2895; x_wconf 89' lang='lat' dir='ltr'>omnibus</span> <span class='ocrx_word' id='word_1_190' title='bbox 1254 2841 1385 2895; x_wconf 83' lang='lat' dir='ltr'>servitiis</span> 
     </span>
     <span class='ocr_line' id='line_1_24' title="bbox 332 2923 1385 2994; baseline 0 -15"><span class='ocrx_word' id='word_1_191' title='bbox 332 2924 494 2987; x_wconf 78' lang='lat' dir='ltr'>forinsecis,</span> <span class='ocrx_word' id='word_1_192' title='bbox 514 2923 784 2988; x_wconf 78' lang='lat' dir='ltr'>consuetudinibus,</span> <span class='ocrx_word' id='word_1_193' title='bbox 805 2923 1011 2988; x_wconf 81' lang='lat' dir='ltr'>erectionibus,</span> <span class='ocrx_word' id='word_1_194' title='bbox 1031 2940 1134 2978; x_wconf 83' lang='lat' dir='ltr'>versus</span> <span class='ocrx_word' id='word_1_195' title='bbox 1158 2940 1260 2979; x_wconf 87' lang='lat' dir='ltr'>omnes</span> <span class='ocrx_word' id='word_1_196' title='bbox 1279 2931 1385 2994; x_wconf 73' lang='lat' dir='ltr'>gentes</span> 
     </span>
     <span class='ocr_line' id='line_1_25' title="bbox 330 3006 1384 3078; baseline 0.002 -17"><span class='ocrx_word' id='word_1_197' title='bbox 330 3008 537 3078; x_wconf 82' lang='lat' dir='ltr'>equietebuut;</span> <span class='ocrx_word' id='word_1_198' title='bbox 559 3008 641 3062; x_wconf 86' lang='lat' dir='ltr'>salvo</span> <span class='ocrx_word' id='word_1_199' title='bbox 658 3007 776 3062; x_wconf 88' lang='lat' dir='ltr'>redditu</span> <span class='ocrx_word' id='word_1_200' title='bbox 794 3023 888 3061; x_wconf 80' lang='lat' dir='ltr'>annuo</span> <span class='ocrx_word' id='word_1_201' title='bbox 906 3006 1030 3062; x_wconf 87' lang='lat' dir='ltr'>duorum</span> <span class='ocrx_word' id='word_1_202' title='bbox 1049 3007 1209 3062; x_wconf 85' lang='lat' dir='ltr'>solidorum</span> <span class='ocrx_word' id='word_1_203' title='bbox 1227 3008 1265 3061; x_wconf 91' lang='lat' dir='ltr'>de</span> <span class='ocrx_word' id='word_1_204' title='bbox 1276 3009 1384 3078; x_wconf 82' lang='lat' dir='ltr'>quibus</span> 
     </span>
     <span class='ocr_line' id='line_1_26' title="bbox 328 3090 1383 3161; baseline 0 -16"><span class='ocrx_word' id='word_1_205' title='bbox 328 3109 383 3160; x_wconf 78' lang='lat' dir='ltr'>ego</span> <span class='ocrx_word' id='word_1_206' title='bbox 402 3097 432 3145; x_wconf 87' lang='lat' dir='ltr'>et</span> <span class='ocrx_word' id='word_1_207' title='bbox 449 3090 579 3145; x_wconf 84' lang='lat' dir='ltr'>haerodes</span> <span class='ocrx_word' id='word_1_208' title='bbox 598 3091 657 3144; x_wconf 91' lang='lat' dir='ltr'>mei</span> <span class='ocrx_word' id='word_1_209' title='bbox 674 3090 722 3144; x_wconf 84' lang='lat' dir='ltr'>vel</span> <span class='ocrx_word' id='word_1_210' title='bbox 741 3090 882 3160; x_wconf 75' lang='lat' dir='ltr'>assignati</span> <span class='ocrx_word' id='word_1_211' title='bbox 905 3090 964 3144; x_wconf 87' lang='lat' dir='ltr'>mei</span> <span class='ocrx_word' id='word_1_212' title='bbox 986 3090 1101 3145; x_wconf 88' lang='lat' dir='ltr'>domino</span> <span class='ocrx_word' id='word_1_213' title='bbox 1125 3091 1263 3161; x_wconf 83' lang='lat' dir='ltr'>episeopo</span> <span class='ocrx_word' id='word_1_214' title='bbox 1288 3092 1383 3145; x_wconf 85' lang='lat' dir='ltr'>Here-</span> 
     </span>
     <span class='ocr_line' id='line_1_27' title="bbox 327 3173 1382 3245; baseline 0.001 -18"><span class='ocrx_word' id='word_1_215' title='bbox 327 3174 456 3229; x_wconf 85' lang='lat' dir='ltr'>sordonsi</span> <span class='ocrx_word' id='word_1_216' title='bbox 474 3192 527 3245; x_wconf 89' lang='lat' dir='ltr'>pro</span> <span class='ocrx_word' id='word_1_217' title='bbox 540 3173 680 3244; x_wconf 75' lang='lat' dir='ltr'>praedicta</span> <span class='ocrx_word' id='word_1_218' title='bbox 689 3179 768 3227; x_wconf 86' lang='lat' dir='ltr'>terra</span> <span class='ocrx_word' id='word_1_219' title='bbox 779 3174 1028 3244; x_wconf 85' lang='lat' dir='ltr'>respondebimus.</span> <span class='ocrx_word' id='word_1_220' title='bbox 1066 3174 1149 3227; x_wconf 91' lang='lat' dir='ltr'>Idem</span> <span class='ocrx_word' id='word_1_221' title='bbox 1162 3192 1232 3228; x_wconf 79' lang='lat' dir='ltr'>vero</span> <span class='ocrx_word' id='word_1_222' title='bbox 1246 3175 1382 3245; x_wconf 82' lang='lat' dir='ltr'>Rogerus</span> 
     </span>
     <span class='ocr_line' id='line_1_28' title="bbox 325 3257 1380 3328; baseline 0 -16"><span class='ocrx_word' id='word_1_223' title='bbox 325 3260 523 3328; x_wconf 74' lang='lat' dir='ltr'>juramentum</span> <span class='ocrx_word' id='word_1_224' title='bbox 553 3257 627 3312; x_wconf 90' lang='lat' dir='ltr'>mihi</span> <span class='ocrx_word' id='word_1_225' title='bbox 657 3258 796 3327; x_wconf 84' lang='lat' dir='ltr'>praestitit</span> <span class='ocrx_word' id='word_1_226' title='bbox 834 3257 913 3327; x_wconf 91' lang='lat' dir='ltr'>quod</span> <span class='ocrx_word' id='word_1_227' title='bbox 947 3257 1073 3312; x_wconf 88' lang='lat' dir='ltr'>fideliter</span> <span class='ocrx_word' id='word_1_228' title='bbox 1109 3257 1257 3312; x_wconf 86' lang='lat' dir='ltr'>redditum</span> <span class='ocrx_word' id='word_1_229' title='bbox 1294 3277 1380 3312; x_wconf 89' lang='lat' dir='ltr'>suum</span> 
     </span>
     <span class='ocr_line' id='line_1_29' title="bbox 327 3341 1382 3411; baseline -0.001 -14"><span class='ocrx_word' id='word_1_230' title='bbox 327 3343 445 3397; x_wconf 85' lang='lat' dir='ltr'>statutis</span> <span class='ocrx_word' id='word_1_231' title='bbox 472 3341 605 3396; x_wconf 78' lang='lat' dir='ltr'>terminis</span> <span class='ocrx_word' id='word_1_232' title='bbox 633 3341 788 3410; x_wconf 86' lang='lat' dir='ltr'>persolvet,</span> <span class='ocrx_word' id='word_1_233' title='bbox 809 3346 839 3395; x_wconf 86' lang='lat' dir='ltr'>et</span> <span class='ocrx_word' id='word_1_234' title='bbox 866 3341 944 3410; x_wconf 88' lang='lat' dir='ltr'>quod</span> <span class='ocrx_word' id='word_1_235' title='bbox 970 3347 1062 3411; x_wconf 79' lang='lat' dir='ltr'>ortorp</span> <span class='ocrx_word' id='word_1_236' title='bbox 1086 3341 1134 3394; x_wconf 83' lang='lat' dir='ltr'>vei</span> <span class='ocrx_word' id='word_1_237' title='bbox 1153 3342 1305 3411; x_wconf 82' lang='lat' dir='ltr'>ingenium</span> <span class='ocrx_word' id='word_1_238' title='bbox 1324 3362 1382 3396; x_wconf 91' lang='lat' dir='ltr'>non</span> 
     </span>
     <span class='ocr_line' id='line_1_30' title="bbox 326 3424 1380 3496; baseline -0.003 -15"><span class='ocrx_word' id='word_1_239' title='bbox 326 3427 468 3496; x_wconf 83' lang='lat' dir='ltr'>exquiret,</span> <span class='ocrx_word' id='word_1_240' title='bbox 490 3441 579 3495; x_wconf 89' lang='lat' dir='ltr'>quare</span> <span class='ocrx_word' id='word_1_241' title='bbox 607 3441 662 3494; x_wconf 83' lang='lat' dir='ltr'>ego</span> <span class='ocrx_word' id='word_1_242' title='bbox 688 3441 743 3478; x_wconf 85' lang='lat' dir='ltr'>neo</span> <span class='ocrx_word' id='word_1_243' title='bbox 768 3424 898 3478; x_wconf 85' lang='lat' dir='ltr'>haeredes</span> <span class='ocrx_word' id='word_1_244' title='bbox 923 3424 983 3477; x_wconf 93' lang='lat' dir='ltr'>mei</span> <span class='ocrx_word' id='word_1_245' title='bbox 1008 3424 1056 3478; x_wconf 84' lang='lat' dir='ltr'>vel</span> <span class='ocrx_word' id='word_1_246' title='bbox 1080 3424 1221 3493; x_wconf 83' lang='lat' dir='ltr'>assignati</span> <span class='ocrx_word' id='word_1_247' title='bbox 1240 3426 1380 3478; x_wconf 81' lang='lat' dir='ltr'>damnum</span> 
     </span>
     <span class='ocr_line' id='line_1_31' title="bbox 325 3507 1382 3581; baseline 0 -17"><span class='ocrx_word' id='word_1_248' title='bbox 325 3529 377 3581; x_wconf 90' lang='lat' dir='ltr'>per</span> <span class='ocrx_word' id='word_1_249' title='bbox 407 3517 540 3564; x_wconf 75' lang='lat' dir='ltr'>tenuram</span> <span class='ocrx_word' id='word_1_250' title='bbox 572 3524 654 3562; x_wconf 90' lang='lat' dir='ltr'>suam</span> <span class='ocrx_word' id='word_1_251' title='bbox 684 3507 875 3562; x_wconf 87' lang='lat' dir='ltr'>incurremus.</span> <span class='ocrx_word' id='word_1_252' title='bbox 924 3508 1008 3561; x_wconf 92' lang='lat' dir='ltr'>Idem</span> <span class='ocrx_word' id='word_1_253' title='bbox 1035 3508 1235 3577; x_wconf 85' lang='lat' dir='ltr'>juramentum</span> <span class='ocrx_word' id='word_1_254' title='bbox 1272 3510 1382 3564; x_wconf 78' lang='lat' dir='ltr'>sacient</span> 
     </span>
     <span class='ocr_line' id='line_1_32' title="bbox 327 3591 1380 3661; baseline -0.001 -13"><span class='ocrx_word' id='word_1_255' title='bbox 327 3594 458 3648; x_wconf 68' lang='lat' dir='ltr'>heoredes</span> <span class='ocrx_word' id='word_1_256' title='bbox 478 3592 524 3647; x_wconf 90' lang='lat' dir='ltr'>sui</span> <span class='ocrx_word' id='word_1_257' title='bbox 536 3592 584 3646; x_wconf 89' lang='lat' dir='ltr'>vel</span> <span class='ocrx_word' id='word_1_258' title='bbox 602 3591 745 3660; x_wconf 82' lang='lat' dir='ltr'>assignati</span> <span class='ocrx_word' id='word_1_259' title='bbox 763 3591 927 3646; x_wconf 73' lang='lat' dir='ltr'>hairedibus</span> <span class='ocrx_word' id='word_1_260' title='bbox 945 3591 1019 3645; x_wconf 91' lang='lat' dir='ltr'>meis</span> <span class='ocrx_word' id='word_1_261' title='bbox 1031 3592 1079 3645; x_wconf 87' lang='lat' dir='ltr'>vel</span> <span class='ocrx_word' id='word_1_262' title='bbox 1092 3592 1260 3661; x_wconf 79' lang='lat' dir='ltr'>assignetis.</span> <span class='ocrx_word' id='word_1_263' title='bbox 1283 3591 1380 3660; x_wconf 79' lang='lat' dir='ltr'>Quare</span> 
     </span>
     <span class='ocr_line' id='line_1_33' title="bbox 329 3674 1380 3748; baseline -0.003 -16"><span class='ocrx_word' id='word_1_264' title='bbox 329 3696 384 3748; x_wconf 77' lang='lat' dir='ltr'>ego</span> <span class='ocrx_word' id='word_1_265' title='bbox 408 3677 556 3731; x_wconf 87' lang='lat' dir='ltr'>Henrious</span> <span class='ocrx_word' id='word_1_266' title='bbox 581 3681 611 3729; x_wconf 88' lang='lat' dir='ltr'>et</span> <span class='ocrx_word' id='word_1_267' title='bbox 634 3674 765 3730; x_wconf 85' lang='lat' dir='ltr'>haeredes</span> <span class='ocrx_word' id='word_1_268' title='bbox 784 3675 843 3729; x_wconf 89' lang='lat' dir='ltr'>moi</span> <span class='ocrx_word' id='word_1_269' title='bbox 860 3676 907 3729; x_wconf 90' lang='lat' dir='ltr'>vel</span> <span class='ocrx_word' id='word_1_270' title='bbox 925 3675 1067 3744; x_wconf 80' lang='lat' dir='ltr'>assignati</span> <span class='ocrx_word' id='word_1_271' title='bbox 1086 3675 1142 3729; x_wconf 91' lang='lat' dir='ltr'>mei</span> <span class='ocrx_word' id='word_1_272' title='bbox 1162 3675 1241 3729; x_wconf 90' lang='lat' dir='ltr'>dicto</span> <span class='ocrx_word' id='word_1_273' title='bbox 1261 3676 1380 3746; x_wconf 81' lang='lat' dir='ltr'>Rogero</span> 
     </span>
     <span class='ocr_line' id='line_1_34' title="bbox 328 3758 1381 3828; baseline -0.001 -13"><span class='ocrx_word' id='word_1_274' title='bbox 328 3767 358 3815; x_wconf 85' lang='lat' dir='ltr'>et</span> <span class='ocrx_word' id='word_1_275' title='bbox 381 3760 545 3815; x_wconf 73' lang='lat' dir='ltr'>heeredibus</span> <span class='ocrx_word' id='word_1_276' title='bbox 573 3759 634 3814; x_wconf 85' lang='lat' dir='ltr'>suis</span> <span class='ocrx_word' id='word_1_277' title='bbox 660 3759 707 3812; x_wconf 85' lang='lat' dir='ltr'>vel</span> <span class='ocrx_word' id='word_1_278' title='bbox 726 3760 788 3813; x_wconf 83' lang='lat' dir='ltr'>suis</span> <span class='ocrx_word' id='word_1_279' title='bbox 807 3759 964 3828; x_wconf 80' lang='lat' dir='ltr'>assignatis</span> <span class='ocrx_word' id='word_1_280' title='bbox 983 3765 1074 3813; x_wconf 88' lang='lat' dir='ltr'>totam</span> <span class='ocrx_word' id='word_1_281' title='bbox 1093 3758 1202 3813; x_wconf 84' lang='lat' dir='ltr'>dictam</span> <span class='ocrx_word' id='word_1_282' title='bbox 1221 3764 1330 3812; x_wconf 86' lang='lat' dir='ltr'>terram</span> <span class='ocrx_word' id='word_1_283' title='bbox 1350 3766 1381 3814; x_wconf 86' lang='lat' dir='ltr'>et</span> 
     </span>
     <span class='ocr_line' id='line_1_35' title="bbox 325 3842 1346 3899; baseline -0.002 -2"><span class='ocrx_word' id='word_1_284' title='bbox 325 3844 473 3899; x_wconf 90' lang='lat' dir='ltr'>redditum</span> <span class='ocrx_word' id='word_1_285' title='bbox 492 3848 592 3899; x_wconf 81' lang='lat' dir='ltr'>contro</span> <span class='ocrx_word' id='word_1_286' title='bbox 610 3859 710 3897; x_wconf 88' lang='lat' dir='ltr'>omnes</span> <span class='ocrx_word' id='word_1_287' title='bbox 728 3843 859 3897; x_wconf 88' lang='lat' dir='ltr'>homines</span> <span class='ocrx_word' id='word_1_288' title='bbox 879 3848 908 3896; x_wconf 88' lang='lat' dir='ltr'>et</span> <span class='ocrx_word' id='word_1_289' title='bbox 927 3842 1060 3897; x_wconf 77' lang='lat' dir='ltr'>foeminas</span> <span class='ocrx_word' id='word_1_290' title='bbox 1078 3842 1346 3898; x_wconf 74' lang='lat' dir='ltr'>warantizabimus.</span> 
     </span>
    </p>

    <p class='ocr_par' dir='ltr' id='par_1_5' title="bbox 323 3924 1380 4081">
     <span class='ocr_line' id='line_1_36' title="bbox 359 3924 1380 3996; baseline 0.001 -17"><span class='ocrx_word' id='word_1_291' title='bbox 359 3927 395 3979; x_wconf 92' lang='lat' dir='ltr'>In</span> <span class='ocrx_word' id='word_1_292' title='bbox 408 3926 491 3996; x_wconf 86' lang='lat' dir='ltr'>eujus</span> <span class='ocrx_word' id='word_1_293' title='bbox 510 3928 553 3981; x_wconf 88' lang='lat' dir='ltr'>rei</span> <span class='ocrx_word' id='word_1_294' title='bbox 572 3925 771 3981; x_wconf 88' lang='lat' dir='ltr'>testimonium</span> <span class='ocrx_word' id='word_1_295' title='bbox 790 3932 820 3979; x_wconf 89' lang='lat' dir='ltr'>et</span> <span class='ocrx_word' id='word_1_296' title='bbox 838 3924 1086 3981; x_wconf 84' lang='lat' dir='ltr'>confirmationem</span> <span class='ocrx_word' id='word_1_297' title='bbox 1104 3926 1242 3996; x_wconf 72' lang='lat' dir='ltr'>praesenti</span> <span class='ocrx_word' id='word_1_298' title='bbox 1267 3927 1380 3996; x_wconf 86' lang='lat' dir='ltr'>scripto</span> 
     </span>
     <span class='ocr_line' id='line_1_37' title="bbox 323 4009 1044 4081; baseline 0.003 -20"><span class='ocrx_word' id='word_1_299' title='bbox 323 4010 353 4062; x_wconf 89' lang='lat' dir='ltr'>in</span> <span class='ocrx_word' id='word_1_300' title='bbox 371 4011 489 4064; x_wconf 88' lang='lat' dir='ltr'>modum</span> <span class='ocrx_word' id='word_1_301' title='bbox 508 4009 684 4081; x_wconf 80' lang='lat' dir='ltr'>cyrographi</span> <span class='ocrx_word' id='word_1_302' title='bbox 702 4011 848 4065; x_wconf 87' lang='lat' dir='ltr'>internos</span> <span class='ocrx_word' id='word_1_303' title='bbox 866 4009 969 4072; x_wconf 85' lang='lat' dir='ltr'>diviso,</span> <span class='ocrx_word' id='word_1_304' title='bbox 990 4016 1044 4063; x_wconf 89' lang='lat' dir='ltr'>eto.</span> 
     </span>
    </p>
   </div>
   <div class='ocr_carea' id='block_1_4' title="bbox 321 4315 1380 4537">
    <p class='ocr_par' dir='ltr' id='par_1_6' title="bbox 321 4315 1380 4537">
     <span class='ocr_line' id='line_1_38' title="bbox 356 4315 1380 4378; baseline 0.001 -13"><span class='ocrx_word' id='word_1_305' title='bbox 356 4318 362 4346; x_wconf 96' lang='lat'><strong>¹</strong></span> <span class='ocrx_word' id='word_1_306' title='bbox 383 4315 517 4365; x_wconf 80' lang='lat' dir='ltr'>Solidoram</span> <span class='ocrx_word' id='word_1_307' title='bbox 536 4318 559 4366; x_wconf 90' lang='lat' dir='ltr'>is</span> <span class='ocrx_word' id='word_1_308' title='bbox 575 4318 686 4368; x_wconf 83' lang='lat' dir='ltr'>inserted</span> <span class='ocrx_word' id='word_1_309' title='bbox 703 4318 728 4366; x_wconf 90' lang='lat' dir='ltr'>iu</span> <span class='ocrx_word' id='word_1_310' title='bbox 757 4317 800 4367; x_wconf 84' lang='lat' dir='ltr'>the</span> <span class='ocrx_word' id='word_1_311' title='bbox 821 4316 877 4368; x_wconf 86' lang='lat' dir='ltr'>MS.</span> <span class='ocrx_word' id='word_1_312' title='bbox 900 4317 985 4366; x_wconf 82' lang='lat' dir='ltr'>before</span> <span class='ocrx_word' id='word_1_313' title='bbox 1001 4316 1161 4378; x_wconf 79' lang='lat' dir='ltr'>denariorum,</span> <span class='ocrx_word' id='word_1_314' title='bbox 1178 4318 1224 4366; x_wconf 85' lang='lat' dir='ltr'>but</span> <span class='ocrx_word' id='word_1_315' title='bbox 1247 4317 1312 4366; x_wconf 76' lang='lat' dir='ltr'>with</span> <span class='ocrx_word' id='word_1_316' title='bbox 1336 4319 1380 4368; x_wconf 81' lang='lat' dir='ltr'>the</span> 
     </span>
     <span class='ocr_line' id='line_1_39' title="bbox 321 4394 532 4457; baseline 0.009 -14"><span class='ocrx_word' id='word_1_317' title='bbox 321 4394 377 4457; x_wconf 74' lang='lat' dir='ltr'>sign</span> <span class='ocrx_word' id='word_1_318' title='bbox 390 4394 420 4443; x_wconf 76' lang='lat' dir='ltr'>oi</span> <span class='ocrx_word' id='word_1_319' title='bbox 427 4409 532 4445; x_wconf 83' lang='lat' dir='ltr'>erasure.</span> 
     </span>
     <span class='ocr_line' id='line_1_40' title="bbox 354 4472 707 4537; baseline 0.003 -16"><span class='ocrx_word' id='word_1_320' title='bbox 354 4477 364 4503; x_wconf 83' lang='lat'>²</span> <span class='ocrx_word' id='word_1_321' title='bbox 380 4472 504 4537; x_wconf 69' lang='lat' dir='ltr'>labenda]</span> <span class='ocrx_word' id='word_1_322' title='bbox 523 4473 639 4535; x_wconf 85' lang='lat' dir='ltr'>habenta,</span> <span class='ocrx_word' id='word_1_323' title='bbox 650 4475 707 4525; x_wconf 88' lang='lat' dir='ltr'>MS.</span> 
     </span>
    </p>
   </div>
   <div class='ocr_carea' id='block_1_5' title="bbox 0 0 1584 5610">
    <p class='ocr_par' dir='ltr' id='par_1_7' title="bbox 0 0 1584 5610">
     <span class='ocr_line' id='line_1_41' title="bbox 0 0 1584 5610; baseline 0 5"><span class='ocrx_word' id='word_1_324' title='bbox 0 0 1584 5610; x_wconf 95' lang='lat' dir='ltr'> </span> 
     </span>
    </p>
   </div>
  </div>
 </body>
</html>
