3158 5610
378 762 444 825 280
665 776 917 830 clarummane
938 778 1151 831 nonssrmu

379 970 445 1021 qrrm
463 952 501 1006 sd
519 971 566 1007 me
584 960 615 1008 et
632 953 670 1009 ad
687 954 820 1010 heoredes
846 973 927 1012 meos
958 955 1145 1027 pertinebant
1163 955 1227 1010 sine
1246 953 1350 1025 aliquo
1369 957 1442 1011 reti·

379 1041 527 1091 nomento.

415 1119 499 1189 Quod
526 1121 596 1191 quio
622 1130 718 1177 ratum
745 1140 810 1179 esse
837 1121 913 1190 volo,
943 1123 1053 1196 scripto
1080 1123 1219 1196 prasenti
1248 1122 1352 1195 sigillo
1372 1140 1441 1178 meo

380 1204 492 1261 munito
510 1205 689 1262 confirmari.
727 1207 796 1264 Hiis
815 1208 950 1265 testibus.

692 1490 914 1558 CCXXXIII.
938 1491 988 1558 De
1011 1491 1131 1559 eodem.

412 1633 524 1692 Notum
549 1638 590 1693 sit
607 1638 741 1694 omnibus
768 1640 806 1694 ad
833 1658 906 1710 qnos
932 1658 1061 1711 prensens
1087 1639 1230 1711 seriptum
1255 1640 1437 1710 pervenerit.

377 1722 455 1790 qnod
474 1741 529 1794 ego
547 1723 715 1779 Willelmus
734 1724 857 1795 Heyrun
876 1725 955 1780 filius
974 1725 1105 1796 Philippi
1123 1724 1240 1779 Heirun
1259 1722 1440 1778 concedent

376 1807 513 1875 praesenti
532 1812 614 1862 certa
631 1825 697 1863 mea
714 1810 853 1863 confirmo
871 1809 1056 1864 donationem
1075 1808 1157 1863 illam
1176 1826 1266 1878 qnam
1284 1806 1437 1862 Walterns

376 1889 500 1960 Hayrmr
519 1891 625 1947 irater¹
645 1910 728 1947 meus
747 1893 829 1948 dedit
847 1893 909 1948 Deo
928 1901 959 1948 et
976 1893 1108 1948 eeclesiis
1127 1892 1230 1947 Sancti
1247 1890 1331 1946 Petri
1345 1890 1438 1945 Glou·

376 1976 490 2030 cestriae
508 1982 538 2031 et
555 1977 704 2032 monachis
726 1977 835 2032 ibidem
855 1978 918 2032 Deo
937 1978 1120 2033 serventibus
1138 1995 1192 2048 pro
1211 1976 1308 2031 salute
1329 1975 1436 2030 animm

309 2058 312 2063 '
377 2078 437 2115 suro
464 2066 495 2116 et
517 2060 646 2115 omnium
673 2068 828 2131 parentum
854 2080 983 2127 snorum,
1003 2061 1144 2117 videlieet
1170 2079 1260 2116 unam
1285 2060 1436 2130 virgatrm

375 2152 461 2199 terrm
492 2152 522 2199 et
550 2144 702 2199 dimidiam
731 2145 769 2200 ad
799 2147 828 2200 la
859 2146 940 2211 Coto,
972 2164 1041 2202 cnm
1070 2145 1159 2201 tertia
1185 2151 1270 2217 parte
1298 2143 1436 2215 capitalis

374 2229 543 2294 mansionis,
575 2236 606 2284 et
634 2229 707 2285 duos
738 2229 846 2285 solidos
877 2238 907 2285 et
937 2248 987 2285 sex
1022 2230 1157 2285 denarios
1194 2248 1269 2300 quos
1305 2228 1435 2283 Thomas

374 2313 500 2383 Hayrun
529 2330 619 2384 nepos
650 2331 733 2369 inens
764 2314 859 2369 eidem
895 2314 1027 2371 Waltero
1064 2315 1149 2370 fratri
1184 2332 1251 2369 meo
1281 2312 1434 2368 minuatim

269 2429 278 2446 .
373 2397 497 2453 debebat
514 2415 567 2467 pro
586 2416 644 2452 una
660 2399 779 2469 virgata
797 2406 883 2454 terra¹
908 2399 945 2453 ad
970 2400 999 2454 lo
1024 2400 1105 2455 Cote.
1150 2399 1221 2468 Qum
1250 2398 1352 2453 omnia
1376 2415 1433 2468 ego

372 2480 539 2537 Willelmns
557 2482 652 2537 eidem
670 2482 801 2539 Woltero
819 2489 850 2539 et
866 2484 1033 2540 haeredibus
1053 2485 1115 2540 suis
1133 2483 1200 2538 dedi
1220 2488 1350 2538 steorte
1367 2500 1434 2536 moa

372 2566 551 2621 confirmavi.
601 2566 642 2622 Et
678 2585 734 2638 ego
764 2567 932 2624 Willelmus
962 2568 1082 2623 remitto
1112 2573 1143 2623 et
1172 2566 1306 2638 quietam
1336 2565 1448 2633 clamo,

371 2649 520 2721 praedietis
545 2649 696 2706 monachis
721 2658 817 2706 totum
845 2651 1000 2707 servitium
1028 2650 1106 2723 qnod
1126 2651 1165 2705 ad
1182 2669 1230 2705 mo
1248 2658 1280 2706 et
1297 2649 1431 2705 heredes

371 2752 451 2789 meos
469 2735 506 2790 de
524 2734 665 2805 proedicto
688 2742 769 2791 terra
792 2736 966 2807 pertinebat,
986 2754 1055 2792 eum
1072 2735 1228 2806 homagiis,
1249 2741 1281 2791 et
1298 2734 1430 2801 releviis,

371 2824 401 2874 et
418 2819 552 2874 omnibus
571 2819 638 2874 aliis
657 2819 694 2874 od
712 2819 883 2891 praedictam
901 2826 1012 2876 terram
1030 2820 1254 2892 pertinentibus.

405 2902 445 2958 Et
472 2909 506 2959 ut
529 2903 592 2959 hmo
620 2905 769 2960 concessio
794 2922 861 2960 mea
887 2911 918 2961 et
942 2904 1123 2961 confirmatio
1141 2910 1205 2960 rata
1223 2906 1264 2961 sit
1282 2910 1314 2960 et
1330 2904 1430 2961 ineen-

370 2985 463 3050 vulsa,
494 2995 669 3058 praesentem
694 2995 815 3053 cartem,
848 2988 941 3060 sigilli
966 2989 1024 3044 mei
1049 2989 1241 3061 impressione
1271 2989 1428 3055 munitm,

370 3071 519 3142 praedietis
537 3073 686 3130 monachis
705 3072 824 3130 tradidi.

430 3355 643 3425 CCXXXIV.
666 3357 718 3423 De
740 3354 897 3424 dimidio
918 3354 1011 3442 lydo
1033 3360 1130 3421 terrce
1151 3351 1192 3421 de
1217 3350 1341 3419 eodem.

201 3496 306 3577 (island
319 3501 345 3550 5¹¹
404 3510 516 3566 Notum
535 3510 575 3566 sit
593 3516 652 3565 tam
670 3509 865 3580 praesentibus
885 3527 973 3579 quam
986 3507 1104 3571 lutaris,
1119 3505 1197 3577 qnod
1209 3523 1266 3576 ego
1279 3504 1425 3560 ltienrdus

199 3563 341 3620 mlfflcl'·
368 3594 505 3660 Mordak,
526 3614 579 3666 pro
598 3595 692 3650 solute
711 3595 816 3649 animm
835 3612 908 3648 mem
933 3599 963 3648 et
987 3593 1086 3647 uxoris
1110 3610 1183 3646 mem
1212 3598 1242 3645 et
1266 3597 1423 3661 parentum

368 3687 398 3735 et
427 3687 643 3736 antecessorum
674 3697 816 3743 meorum,
845 3678 975 3733 concessi
1006 3684 1037 3732 et
1066 3676 1133 3730 dodi
1166 3674 1300 3730 ecclesia·
1337 3675 1423 3728 Benti

366 3765 448 3819 Petri
468 3764 669 3828 Gloucestrim,
683 3768 714 3818 et
731 3762 829 3818 abbati
848 3769 878 3818 et
896 3761 1046 3817 monachis
1070 3761 1180 3816 ibidem
1204 3759 1268 3813 Deo
1293 3759 1423 3814 sortien-

365 3850 454 3911 tibus,
475 3850 505 3904 in
523 3855 694 3920 perpetuam
712 3847 910 3912 elemosinam,
930 3865 1019 3901 unam
1037 3844 1188 3900 dimidiam
1207 3843 1317 3914 hydam
1336 3852 1423 3898 terreo

365 3933 395 3986 in
426 3934 579 3988 Estleeche
609 3950 697 4004 quam
728 3931 896 3986 Willelmus
921 3930 958 3984 de
987 3928 1163 3985 Aldrintona
1189 3933 1313 3999 patruus
1338 3945 1406 3982 meu

365 4016 448 4086 prius
462 4017 583 4072 dederat
599 4018 694 4072 eidem
713 4015 861 4081 ceclesiae;
883 4015 935 4070 sed
954 4014 1024 4084 qnia
1042 4012 1079 4068 ad
1097 4031 1144 4066 me
1162 4013 1260 4082 potius
1278 4020 1420 4081 tanquam

365 4100 401 4152 nd
429 4101 576 4156 haeredem
606 4101 757 4172 proprium
783 4099 916 4169 ejusdem
949 4103 1037 4153 terroe
1068 4096 1220 4169 spectabat
1249 4096 1418 4160 hrereditns,

365 4183 506 4253 quioquid
524 4185 711 4257 proprietatis
731 4192 760 4239 et
774 4184 852 4255 juris
871 4183 902 4238 in
920 4183 974 4238 illa
991 4182 1081 4237 hebui
1099 4178 1192 4236 libere
1214 4186 1245 4235 et
1263 4180 1364 4251 quiete
1382 4180 1420 4235 ab

363 4268 441 4321 omni
461 4268 607 4323 calumnia
625 4276 656 4324 et
674 4269 822 4323 exactione
842 4267 904 4322 Deo
922 4272 954 4321 et
970 4266 1120 4337 prmdictte
1139 4264 1272 4320 ecelesiae
1296 4264 1364 4319 dedi
1389 4272 1421 4319 et

363 4354 502 4422 presenti
520 4361 610 4420 carta,
631 4361 661 4409 et
679 4352 772 4424 sigilli
790 4353 849 4407 mei
868 4351 1061 4423 impressione
1079 4350 1261 4407 confirmavi.

407 4534 473 4541 ...ι-
496 4537 501 4541 .
517 4537 529 4541 -
550 4536 624 4542 ..,..-.
646 4535 669 4541 ,-
688 4534 756 4540 .-..-.-
784 4533 1085 4542 .--Δ--..---
1099 4535 1172 4542 ·.----·-
1197 4538 1203 4542 .
1221 4535 1403 4542 -——.—

395 4645 401 4674 ¹
420 4645 476 4695 'l'he
487 4649 569 4696 words
581 4645 694 4712 Philippi
704 4645 811 4711 Horren
832 4661 875 4698 ere
892 4648 1002 4700 inserted
1022 4649 1107 4701 before
1120 4665 1188 4699 aeas
1201 4648 1228 4698 in
1240 4648 1283 4700 the
1295 4649 1362 4711 lib,
1374 4650 1419 4699 but

360 4722 423 4772 sith
435 4725 476 4774 the
488 4726 545 4790 sign
556 4726 587 4776 of
593 4741 701 4779 erasure.
