3158 5610
480 778 505 827 a.
530 778 631 826 amnt
654 778 907 827 utorcmtmn.
1155 766 1216 831 271

167 948 285 1005 domino
318 948 496 1022 lelelmo]
522 954 559 1007 de
590 954 736 1009 Eterwik.
768 968 798 1007 ct
823 952 941 1006 domino
971 950 1023 1022 wi]
1024 949 1149 1022 illelmo]
1182 952 1218 1005 de

168 1032 278 1091 Insula.
298 1050 329 1089 ct
356 1033 538 1107 Rsadulpho]
562 1037 598 1091 de
616 1037 735 1091 Xorwiz
753 1052 782 1090 et
806 1036 970 1091 Thnrstano
995 1035 1170 1108 Desponser,
1190 1052 1218 1089 et

169 1114 351 1189 {adulpho}
383 1119 421 1173 dc
453 1120 620 1185 Chaundos,
649 1121 824 1192 justiciariis
854 1136 924 1174 tunc
952 1120 1157 1175 itinerantibus
1188 1122 1218 1174 in

167 1202 307 1257 comitatu
325 1202 537 1270 Gloucestrioe3
565 1220 595 1260 ct
613 1224 666 1277 pro
684 1205 738 1259 hac
757 1205 928 1259 remissione
946 1214 976 1259 ct
995 1206 1094 1275 quieta
1112 1204 1219 1259 clama·

168 1286 246 1340 tiana
264 1287 397 1357 praedicti
416 1288 505 1343 abbas
525 1304 555 1344 et
572 1302 732 1344 contentus
759 1288 869 1343 dabunt
887 1289 1028 1359 prtedicto
1055 1290 1213 1343 Laurentio

168 1371 299 1441 quotidie
317 1374 467 1427 annuatim
490 1375 632 1444 quamdin
650 1376 755 1428 tint-rit
774 1392 826 1444 per
838 1387 1016 1427 attornatum
1036 1392 1124 1428 sunm
1145 1374 1218 1429 dnos

168 1455 248 1511 albos
272 1474 362 1527 panes
381 1458 494 1521 militis,
516 1470 547 1514 et
567 1460 640 1513 ‹luos
660 1460 779 1529 gulones
798 1458 930 1513 cervisiae
948 1472 1118 1516 contentus.
1138 1468 1220 1529 pota-

169 1540 261 1609 gium,
280 1556 310 1595 et
327 1560 419 1595 unum
438 1543 582 1597 ferculum
600 1543 636 1597 dc
661 1545 794 1615 coquina.
815 1543 902 1597 sicuti
921 1543 987 1597 aliis
1007 1543 1107 1597 liberis
1128 1544 1219 1597 nerti-

169 1624 284 1677 entium.
303 1626 376 1687 enin.
390 1640 420 1680 ct
432 1627 522 1681 etiam
535 1627 687 1681 dimidiam
706 1645 834 1681 marcam
847 1628 961 1697 argenti
975 1627 1013 1681 ad
1024 1627 1218 1682 Nativitatem

170 1707 252 1762 Beati
273 1708 415 1764 Johannia
433 1709 577 1782 Baptistae
601 1712 741 1782 quamdin
760 1712 875 1773 vixerit,
902 1728 932 1766 et
950 1730 1040 1765 unum
1059 1712 1218 1783 hospitium

169 1791 325 1846 sufficiens.
364 1792 402 1847 Et
420 1802 563 1864 practerea
588 1797 742 1849 contentio
768 1796 886 1849 Felicia?
912 1796 1020 1850 sororia
1048 1816 1109 1850 §tutu
1136 1798 1219 1849 lirum

169 1876 297 1930 manebit
316 1877 457 1947 quamdiu
476 1878 593 1941 vixerit,
614 1880 690 1933 ¹ticut
709 1880 739 1932 in
758 1894 838 1933 carta
858 1880 922 1949 ejus
942 1882 1116 1934 continetur.

204 1958 239 2012 ln
257 1962 342 2031 cujus
361 1963 404 2015 rei
422 1964 623 2018 testimonium
641 1981 769 2034 praesens
790 1965 933 2035 scriptum
952 1966 982 2019 iu
1001 1965 1118 2019 modum
1137 1984 1219 2037 efro-

168 2043 273 2114 graphi
291 2045 369 2101 inter
386 2045 475 2116 ipsos,
496 2062 551 2102 etc.

482 2354 674 2421 CCXVIII.
699 2354 748 2419 De
771 2354 891 2420 eodem..

204 2514 306 2574 Sciant
331 2537 489 2591 praesentes
517 2536 547 2575 et
573 2521 676 2583 futuri,
697 2520 775 2590 quod
800 2537 855 2587 etto
881 2520 991 2574 Felicia
1017 2521 1076 2576 filia
1103 2522 1304 2585 Oslicrtittt,

168 2602 195 2655 le
214 2602 328 2674 Simple
346 2603 382 2657 de
401 2604 548 2659 Eetleche.
570 2606 599 2658 iu
620 2604 693 2671 linia
712 2620 741 2659 et
760 2605 876 2675 propria
896 2620 1040 2674 potestate
1059 2624 1131 2661 meu.
1152 2607 1219 2661 dedi
1234 2618 1321 2669 osche

168 2702 198 2740 et
215 2688 355 2745 concessi.
376 2702 405 2743 et
423 2690 478 2743 hac
496 2691 632 2760 pra-scuti
652 2704 732 2743 carta
751 2706 816 2742 mea
834 2690 1012 2745 confirmati.
1032 2690 1166 2744 Gallrido
1184 2692 1220 2745 de
1233 2701 1310 2736 ΜΘ·

169 2770 334 2825 Budesorde
362 2790 415 2843 pro
443 2773 579 2843 homagio
607 2788 636 2827 et
667 2774 788 2828 servitio
818 2791 881 2835 suo,
913 2792 1003 2827 nnntn
1035 2777 1219 2845 mesuagium

167 2872 236 2909 cum
261 2858 349 2911 tertia
375 2873 457 2927 parte
483 2859 573 2913 curia.¹
600 2876 673 2912 mete
700 2860 729 2911 in
755 2857 827 2910 tilla
852 2857 888 2911 dc
919 2858 1055 2913 Estlcche
1086 2861 1162 2915 sicut
1192 2862 1219 2914 ei

167 2940 345 3009 adsignatur„
366 2956 396 2995 ct
413 2958 479 2996 octo
506 2960 589 2996 acras
617 2956 704 2996 terrae
723 2943 753 2995 in
780 2960 838 2994 uno
856 2959 959 3012 cumpo
977 2942 1013 2995 de
1031 2942 1170 3013 Fishsde.
1190 2960 1220 2999 et

168 3024 289 3078 totidem
316 3026 346 3079 in
369 3025 437 3087 alio,
458 3026 571 3081 seilicet
591 3028 620 3080 in
647 3044 750 3095 campo
775 3042 876 3079 tersus
896 3025 1001 3081 Not-th.
1022 3046 1109 3081 unam
1135 3029 1221 3083 dimi·

167 3106 246 3161 diam
264 3125 362 3162 acram
380 3109 459 3180 apud
477 3108 703 3170 Churchehulle,
724 3124 754 3162 ct
782 3127 868 3162 unuin
887 3108 1039 3164 dimidiam
1058 3113 1088 3165 in
1108 3111 1220 3183 Stapcl-

168 3190 284 3261 lorlong
304 3193 389 3262 juxta
407 3192 561 3247 dimidiam
585 3211 683 3247 acram
702 3192 846 3247 Johannis
869 3194 922 3247 lilii
941 3194 1065 3259 Juliaui,
1085 3212 1114 3251 ct
1133 3216 1220 3252 unam

167 3274 319 3329 dimidiam
350 3295 448 3331 acram
483 3277 561 3332 ultra
597 3277 786 3347 Rnggettcye
814 3277 899 3346 juxta
935 3278 1087 3332 dimidiam
1123 3299 1220 3335 acram

168 3357 310 3414 Johannis
330 3360 383 3415 filii
403 3362 525 3425 duliam,
546 3376 576 3415 et
594 3380 681 3414 unum
705 3360 857 3414 dimidiam
876 3380 973 3415 acram
992 3364 1070 3434 apud
1089 3365 1220 3436 Tappen·

168 3460 234 3497 acre
252 3462 355 3499 tersus
375 3446 451 3500 Snth
465 3448 551 3516 juxta
570 3445 722 3498 dimidiam
747 3463 844 3499 acram
863 3444 1004 3500 «Iohannis
1025 3448 1078 3500 lilii
1098 3449 1116 3502 J
1120 3450 1219 3505 uliani.

167 3542 198 3582 et
223 3546 312 3583 unam
338 3530 492 3584 dimidiam
517 3548 616 3583 aeram
641 3529 721 3599 apud
748 3529 919 3583 Sortelonde
947 3532 1113 3585 inferiorem
1135 3535 1221 3603 jutta

167 3610 320 3666 dimidiam
350 3632 448 3668 acram
480 3612 628 3684 sepedicti
657 3613 798 3667 Johatmis
833 3614 885 3667 lilii
918 3614 1039 3669 Juliaui.
1072 3630 1102 3670 et
1133 3636 1220 3671 unam

168 3695 320 3749 dimidiam
338 3716 437 3751 acram
456 3716 544 3769 nuper
569 3696 750 3751 Oldebrecbc
768 3698 853 3766 juxta
872 3716 969 3752 uetant
994 3699 1149 3769 capitalem
1170 3700 1220 3755 Ri-

167 3778 248 3833 cardi
267 3779 304 3834 dc
315 3779 455 3852 fiuntdc,
475 3799 504 3838 et
517 3782 548 3835 ii.
563 3781 737 3835 sorentlellos
757 3798 845 3852 nuper
857 3781 1063 3847 Neu-ebreche,
1083 3798 1113 3838 et
1132 3804 1219 3839 unam

166 3861 318 3921 dimidiam
336 3884 433 3920 actam
453 3867 483 3920 in
502 3865 710 3937 Suthlorlonge
730 3884 818 3937 super
835 3865 1015 3935 Northgrote
1034 3868 1219 3923 tendentem¹

168 3966 258 4019 super
283 3967 379 4003 acram
405 3950 560 4020 capitalem
588 3950 699 4011 Silvani,
720 3966 748 4003 e:
776 3969 861 4003 unum
887 3949 1038 4004 dimidiam
1066 3972 1163 4007 acram
1189 3955 1219 4007 in

168 4032 355 4103 Longeloude
377 4050 406 4089 et
425 4035 453 4089 lc
471 4033 720 4103 Longelorcndole
740 4033 817 4105 apud
838 4032 1055 4099 llburueslatlt·,
1075 4052 1105 4091 et
1130 4057 1219 4092 unum

166 4116 316 4170 forendole
337 4118 368 4172 in
386 4118 582 4183 ll'owelondc,
602 4132 632 4173 ct
651 4136 738 4171 umam
757 4116 909 4171 dimidiam
928 4137 1026 4172 acrum
1046 4120 1076 4173 in
1094 4120 1219 4176 Middel-

167 4201 301 4271 lorlonge
325 4201 564 4274 Bipereteloude‚
590 4218 620 4256 ct
639 4219 726 4255 unam
751 4201 903 4255 dimidiam
927 4221 1025 4257 acram
1044 4204 1123 4275 apud
1142 4205 1218 4260 Gore

167 4284 334 4339 tendentem
366 4304 454 4357 snper
479 4285 747 4349 Humelesburinm,
773 4302 802 4340 ct
833 4304 920 4339 unam
945 4286 1097 4341 dimidiam
1122 4308 1218 4343 acram

168 4368 325 4423 Smaltern
337 4370 504 4425 tendentem
525 4370 602 4425 ultra
614 4370 798 4439 ll'oden·e5e‚
814 4386 843 4425 et
856 4388 942 4424 unam
957 4371 1107 4425 dimidium
1121 4390 1218 4427 aeram

511 4702 518 4731 ¹
537 4698 680 4767 tendentem]
698 4702 808 4764 lenden,
819 4702 877 4755 MS.
