3158 5610
524 765 550 812 a
573 763 674 811 curm
697 762 952 811 oiotcnomim
1202 744 1266 806 381

211 934 260 989 vel
277 951 331 1006 per
357 933 488 1006 aliquem
512 934 605 990 alium
630 935 757 1007 exigam.
793 935 853 990 Pro
877 935 932 990 hac
959 942 1058 989 autem
1086 932 1187 1004 quieta
1211 930 1271 986 cla·

211 1019 323 1073 mantia
358 1018 493 1089 pimdicti
528 1020 664 1074 monachi
700 1019 846 1074 dederunt
881 1019 956 1074 mihi
992 1026 1058 1073 octo
1087 1016 1197 1072 solidos
1232 1014 1270 1069 ad

210 1119 352 1173 magnum
369 1104 525 1174 negotium
541 1120 653 1159 meum.

247 1186 285 1240 In
302 1187 399 1257 cujus,
419 1195 477 1241 etc.

518 1389 747 1495 cccxcvli.
771 1389 822 1455 De
846 1389 968 1455 eodem

249 1537 350 1594 Sciant
375 1548 536 1611 praeeentea
562 1548 593 1594 et
617 1540 721 1604 futuri,
741 1539 821 1611 qnod
838 1557 896 1610 ego
915 1533 1439 1600 Galfridusdeliedenc,AD.l251.

211 1638 286 1675 anno
311 1622 524 1678 Incarnationis
550 1623 671 1678 Domini
701 1623 860 1677 millesimo
889 1622 1091 1678 ducentesimo
1121 1623 1270 1677 tricesimo
1283 1614 1372 1664 ΟΜ

211 1706 316 1775 primo,
346 1707 378 1760 in
403 1707 637 1762 Annunciatione
666 1707 768 1762 Beate
797 1706 911 1771 Mariae,
938 1706 1048 1761 tradidi
1078 1714 1109 1761 et
1138 1706 1270 1760 concessi
1282 1695 1357 1730 ω·

212 1789 311 1844 abbati
337 1796 368 1845 et
395 1791 553 1846 conventui
581 1790 684 1845 Sancti
709 1790 792 1845 Petri
811 1789 1002 1844 Gloecestriae
1029 1807 1118 1843 unam
1145 1791 1269 1844 crottam

212 1880 300 1927 terrae
325 1891 398 1928 mem
424 1892 490 1943 qnae
515 1882 638 1928 vocatut
656 1873 937 1934 Hnthelotescrofte‚
956 1879 987 1927 et
1010 1873 1091 1943 jacet
1109 1874 1185 1927 inter
1203 1891 1271 1943 gar-

212 1955 316 2010 dinum
333 1975 431 2011 meum
450 1965 481 2012 et
503 1958 635 2027 regalem
653 1958 742 2020 iiam,
762 1964 792 2011 et
810 1974 897 2010 unam
915 1973 1014 2010 acram
1032 1957 1109 2026 prati
1126 1958 1185 2010 mci
1204 1975 1271 2027 qum

210 2040 291 2109 jacet
312 2041 450 2111 proprius
469 2040 607 2103 Comede,
628 2047 658 2094 et
682 2040 756 2094 duas
775 2058 858 2095 acrae
883 2040 961 2110 prati
988 2041 1047 2093 mei
1070 2040 1102 2092 in
1119 2038 1270 2093 Machelo-

213 2123 298 2177 mede
331 2112 416 2193 J'uxta
451 2131 569 2196 pratum
614 2125 730 2178 abbatis
766 2124 803 2178 de
839 2123 997 2178 Cormellis
1033 2122 1113 2193 quod
1147 2130 1271 2178 vocatur

214 2205 382 2271 Commode,
402 2215 433 2262 et
458 2215 554 2263 totum
578 2218 697 2278 piatum
724 2226 823 2261 meum
842 2207 921 2277 quod
938 2213 1060 2261 vocatur
1077 2206 1269 2261 Achestilles·

214 2290 298 2343 mede
315 2308 384 2345 cum
401 2291 537 2346 omnibus
554 2291 741 2361 pertinentiis
760 2291 841 2355 suis;
872 2290 1031 2345 tenendum
1050 2297 1081 2344 et
1104 2290 1271 2345 habendum

214 2373 251 2427 de
268 2382 365 2429 meet
391 2374 558 2429 haeredibus
577 2376 651 2429 meis
671 2375 734 2429 sine
760 2375 861 2445 aliqua
877 2375 1071 2429 diminutione
1089 2375 1152 2428 aive
1170 2375 1271 2445 aliquo

213 2458 432 2513 retenemento¹
449 2459 488 2513 ad
505 2477 579 2529 opus
598 2477 696 2513 meum
721 2459 770 2512 vel
795 2459 945 2512 haerednm
963 2476 1097 2512 meorum
1116 2458 1154 2512 ud
1173 2459 1272 2513 termi-

214 2560 284 2596 num
309 2542 412 2597 decem
436 2550 468 2597 et
494 2552 607 2613 septem
634 2561 777 2597 annorum
798 2544 936 2598 continue
962 2542 1159 2611 sequentium,
1178 2542 1272 2595 libere

213 2635 245 2681 et
274 2626 373 2696 quiete
403 2626 440 2680 ab
469 2628 549 2679 omni
580 2627 704 2680 servitio
733 2627 869 2682 saeculari
893 2634 924 2680 et
953 2626 1106 2688 demanda,
1132 2643 1187 2696 pro
1213 2643 1272 2678 nno

214 2709 335 2764 denario
364 2709 438 2763 mihi
473 2711 522 2763 vel
552 2709 720 2765 haeredibus
751 2712 826 2764 meis
855 2711 887 2763 in
917 2709 965 2764 die
996 2708 1097 2764 Sancti
1128 2709 1271 2763 Johannis

214 2793 358 2864 Baptistae
378 2794 530 2848 annuatim
557 2793 762 2865 persolvendo.
801 2794 860 2848 Pro
878 2795 933 2847 hnc
951 2806 1049 2847 autem
1067 2793 1224 2847 traditione
1242 2799 1272 2847 et

214 2878 401 2931 concessione
424 2894 491 2931 mea
515 2878 651 2949 praedicti
676 2878 767 2932 abbas
792 2887 824 2932 et
849 2884 1011 2932 conventus
1036 2877 1182 2931 dederunt
1199 2877 1271 2931 mihi

215 2978 276 3030 prae
293 2961 430 3015 manibus
449 2979 500 3015 sex
518 2979 633 3016 marcas
651 2962 769 3030 argenti
787 2971 819 3017 et
835 2960 989 3016 dimidiam
1007 2960 1045 3014 ud
1062 2960 1271 3032 aquietandum

215 3061 262 3097 me
280 3045 313 3098 in
330 3043 496 3099 Judaismo.

251 3128 289 3183 Et
307 3136 341 3183 nt
357 3129 420 3183 haec
438 3129 569 3192 traditio,
590 3136 646 3184 etc.

507 3348 755 3416 CCCXCVIII.
783 3349 834 3415 De
857 3348 979 3415 eodem.

252 3493 354 3550 Sciant
370 3508 532 3567 praeaeuteu
560 3503 591 3551 et
609 3496 710 3559 futuri,
732 3493 811 3566 quod
835 3512 891 3566 ego
910 3493 1061 3550 Galfridua
1087 3493 1125 3548 de
1142 3492 1268 3557 Ledeue,
1282 3489 1352 3541 AD·
1365 3494 1441 3542 1228.

215 3596 290 3632 anno
315 3579 352 3633 ab
371 3580 577 3635 Incarnatione
595 3579 715 3633 Domini
733 3578 892 3632 millesimo
912 3578 1112 3632 ducentesimo
1130 3577 1271 3631 vicesimo
1282 3569 1373 3620 0sfl⁵0

216 3670 328 3726 octavo,
347 3663 385 3717 ad
403 3663 642 3718 Purificationem
660 3663 761 3716 Beatae
773 3661 887 3725 Manu,
904 3662 1036 3716 concessi
1054 3668 1084 3714 et
1101 3660 1270 3715 confirmavi
1280 3651 1357 3687 ω·

216 3745 345 3809 Thnmm,
365 3746 420 3800 Dei
440 3748 538 3817 gratia
565 3747 662 3800 abbati
690 3752 720 3800 et
738 3746 893 3800 conventui
912 3744 1012 3798 Sancti
1031 3743 1113 3798 Petri
1132 3743 1272 3798 Glouccs-

215 3830 291 3894 triae,
317 3838 379 3885 tres
406 3848 489 3886 acras
514 3831 593 3902 prati
619 3836 804 3884 mensuratae
829 3845 896 3882 cum
921 3828 1056 3882 omnibus
1086 3828 1272 3898 pertinentiis

217 3915 280 3968 nuic
298 3932 365 3984 quae
379 3915 481 3985 jacent
494 3915 581 3986 juxta
597 3921 715 3985 pratum
743 3912 823 3983 quod
839 3910 974 3982 praedicti
992 3910 1082 3965 abbae
1099 3920 1130 3964 et
1148 3928 1271 3965 eonven-

216 4005 265 4051 tus
282 4004 385 4054 teuent
401 3998 438 4052 de
456 4015 504 4052 mc
521 3999 553 4053 in
570 3997 792 4052 Mnchelemede
810 3995 848 4049 ud
871 3996 1029 4050 terminum
1048 3995 1127 4049 sicut
1144 3995 1175 4048 in
1191 4002 1273 4050 carto

216 4097 283 4134 meu
300 4082 484 4145 continetur3
511 4099 584 4152 quae
603 4099 686 4136 acrae
704 4080 796 4149 Hngo
814 4078 893 4133 filiun
918 4095 1002 4132 meua
1028 4078 1065 4132 de
1090 4084 1175 4149 prato
1192 4078 1272 4148 qnod

216 4162 305 4217 habet
322 4165 359 4219 dc
383 4164 460 4218 dono
477 4182 543 4219 meo
568 4166 612 4219 eis
639 4162 762 4219 tradidit
788 4162 826 4217 ad
843 4161 1003 4217 terminum
1020 4160 1128 4234 viginti
1145 4162 1270 4216 duorum

216 4263 358 4301 annorum
384 4249 463 4302 sicut
488 4256 570 4302 carta
594 4248 670 4317 ejus,
696 4263 785 4317 quam
812 4245 903 4299 abbm
928 4254 959 4299 et
985 4254 1147 4301 conventus
1174 4246 1212 4300 de
1236 4262 1272 4299 eo

216 4329 335 4393 habent,
355 4338 490 4386 testatur.

253 4414 292 4470 Et
309 4423 343 4470 ut
361 4415 433 4479 hnc,
453 4422 509 4471 etc.

538 4628 545 4655 ¹
563 4624 731 4690 retae-eno]
749 4631 895 4684 memento,
906 4623 964 4676 nst
