3158 5610
351 792 416 853 380
640 797 891 850 eannummun
912 793 1127 845 nonnarum

351 980 436 1034 uxori
460 996 534 1033 mem
552 994 644 1032 unum
667 976 791 1047 pallium
815 975 852 1031 dc
877 975 1009 1046 quinque
1033 973 1137 1030 solidis
1167 972 1207 1028 ad
1235 971 1412 1042 urgentissi-

352 1079 433 1117 mnm
452 1061 605 1132 nogotium
623 1064 765 1117 noenum.

389 1145 426 1201 In
443 1145 529 1217 eujus
547 1145 601 1210 rei,
622 1149 677 1200 cte.

675 1385 861 1453 COCXOV.
884 1386 936 1452 De
958 1385 1077 1452 ecdem.

391 1533 492 1590 Sciant
509 1539 670 1605 presentes
688 1538 719 1588 ct
736 1532 839 1597 futuri,
859 1531 939 1604 quod
956 1549 1013 1602 ego
1024 1531 1117 1602 Engo
1133 1530 1214 1586 filins
1227 1529 1358 1587 Galfridi
1376 1531 1413 1585 dc

354 1617 470 1672 Ledeue
495 1616 564 1671 dedi
589 1624 620 1673 et
646 1617 788 1681 concessi,
808 1622 839 1672 et
862 1615 1001 1687 prasenti
1028 1620 1109 1670 carta
1134 1632 1202 1669 mea
1229 1615 1411 1679 confirmavi,

354 1702 426 1784 D.⁰⁰’
446 1706 477 1756 et
488 1700 622 1756 ecelesia
642 1701 743 1757 Sancti
760 1699 843 1755 Petri
861 1699 1064 1764 Gloucestrioe,
1084 1704 1114 1754 ct
1131 1699 1283 1754 monachis
1301 1698 1412 1753 ibidem

353 1785 416 1840 Deo
446 1784 654 1850 servientibus,
685 1802 740 1856 pro
767 1784 863 1840 salute
888 1783 993 1839 animae
1017 1800 1091 1837 meae
1117 1788 1149 1837 ct
1172 1783 1305 1837 omnium
1333 1788 1413 1838 ante·

353 1885 503 1924 caesorum
520 1885 664 1933 meorum,
683 1874 776 1924 tetam
800 1873 911 1923 terram
936 1884 1032 1922 meam
1057 1883 1124 1937 qnae
1150 1873 1273 1922 vocatur
1300 1866 1412 1921 Helor-

353 1952 539 2007 wardeslcwe
573 1963 604 2007 et
633 1951 920 2015 Innerwardeslcwe,
951 1968 1019 2007 oum
1049 1950 1185 2006 omnibus
1225 1949 1412 2021 pertinentiis

353 2054 464 2102 earum,
485 2036 548 2091 sine
566 2037 665 2108 aliquo
690 2041 889 2092 retenemento
914 2034 951 2090 ad
978 2052 1051 2106 opus
1077 2051 1177 2088 meum
1194 2033 1243 2090 vel
1261 2034 1413 2088 haeredum

354 2138 496 2186 meorum,
514 2120 598 2175 illam
616 2120 732 2175 sedicet
749 2138 814 2191 quae
829 2119 910 2190 jacet
927 2118 1006 2190 apud
1023 2117 1188 2173 Hinledene
1206 2119 1284 2173 inter
1303 2118 1411 2173 chemi-

354 2222 425 2258 num
443 2203 544 2274 regale
562 2221 667 2259 versus
685 2202 893 2258 Herefordiam
911 2208 942 2257 et
959 2211 1076 2273 pratum
1094 2202 1188 2273 patris
1205 2204 1266 2256 mei
1284 2201 1413 2257 Galfridi

355 2286 434 2358 qnod
445 2293 568 2342 vocatur
579 2286 803 2342 Muehelemede
814 2308 821 2352 ;
841 2286 998 2341 tenendam
1010 2291 1040 2340 et
1055 2285 1220 2340 habendam
1231 2285 1264 2340 in
1275 2285 1411 2350 liberam,

355 2387 468 2440 puram,
501 2375 532 2424 ct
560 2376 734 2441 perpetuam
760 2368 961 2435 elemosinam,
988 2370 1021 2423 in
1046 2374 1233 2440 perpetuum,
1261 2368 1357 2423 libere
1383 2376 1414 2424 et

356 2453 455 2522 quiete
481 2454 517 2508 ab
547 2452 628 2507 omni
653 2453 776 2508 servitio
801 2452 938 2508 saeculari
965 2458 996 2508 ct
1025 2451 1179 2517 demanda,
1206 2469 1261 2523 pm
1286 2459 1414 2522 quatuor

355 2536 485 2591 denariis
515 2536 667 2591 annuatim
705 2536 780 2591 mihi
817 2543 848 2592 et
876 2534 1044 2591 haeredibus
1074 2535 1160 2600 meis,
1191 2552 1247 2605 pro
1277 2535 1414 2591 omnibus

355 2620 496 2685 servitiis,
529 2620 740 2685 exactionibus,
772 2626 803 2675 et
827 2619 991 2685 demendis,
1018 2637 1085 2690 quas
1115 2624 1185 2674 sunt
1214 2618 1263 2674 vel
1293 2620 1413 2674 evenire

354 2710 502 2775 poterunt,
526 2703 564 2759 ad
582 2703 691 2759 festum
711 2704 812 2760 Sancti
832 2703 989 2759 Michaelis
1006 2701 1220 2773 persolvendis.
1258 2701 1326 2773 Ego
1343 2720 1413 2758 vero

355 2787 447 2859 Hugo
465 2793 497 2843 et
512 2786 646 2842 haeredes
664 2787 734 2851 mei,
760 2786 911 2858 predicta
929 2785 1062 2842 eeclesias
1092 2791 1123 2841 et
1139 2783 1302 2850 monachis,
1322 2791 1413 2842 totam

355 2871 526 2943 praedictam
543 2876 654 2926 terram
668 2888 737 2926 eum
755 2870 890 2926 omnibus
908 2870 1094 2941 pertinentiis
1113 2870 1176 2925 auis
1194 2870 1273 2925 sieut
1288 2869 1413 2926 liberam

355 2954 544 3009 elemosinam
556 2960 696 3020 nostram
710 2959 813 3010 eontra
830 2971 931 3009 omnes
943 2955 1076 3009 homines
1095 2959 1126 3008 et
1143 2952 1280 3008 loeminas
1298 2954 1331 3008 in
1347 2972 1413 3026 per·

356 3042 478 3107 petuam
496 3037 763 3102 warantizabimus,
784 3044 814 3093 et
839 3038 876 3092 de
901 3039 1037 3093 omnibns
1063 3037 1193 3092 servitiis
1222 3038 1413 3093 sacularibus

356 3120 582 3189 equietebimus.
629 3121 662 3177 Si
692 3139 772 3186 vero,
805 3121 903 3192 aliquo
938 3139 1009 3177 casn
1045 3128 1224 3192 emergente,
1256 3123 1414 3192 contigerit

356 3202 434 3272 quod
451 3203 623 3272 praedictam
649 3211 759 3259 terram
778 3205 864 3260 dictae
890 3205 1022 3260 ecelesiae
1047 3211 1078 3260 ct
1096 3204 1245 3259 monachis
1263 3205 1412 3276 praedictis

355 3286 545 3341 warantizare
576 3305 633 3341 non
663 3288 820 3358 possimus,
852 3288 1032 3343 escambium
1062 3289 1100 3350 ad
1129 3288 1290 3344 valentiam
1327 3289 1411 3344 dicier

355 3381 442 3427 terrie
460 3391 513 3442 per
531 3374 630 3429 visum
648 3375 790 3445 legalium
808 3376 940 3431 virorum
959 3377 1002 3432 cis
1021 3377 1172 3432 faciemus.

391 3456 427 3510 ln
445 3456 530 3526 cujus
548 3458 592 3512 rei
612 3458 823 3523 testimouium,
844 3464 899 3514 etc.

673 3699 879 3767 cccxcvi.
903 3701 953 3766 De
976 3700 1096 3767 codem

390 3851 492 3907 Sciant
536 3860 697 3923 presentes
742 3860 773 3908 et
808 3853 911 3918 futuri,
950 3853 1030 3925 quod
1073 3870 1129 3924 ego
1167 3852 1276 3908 Sibilla
1310 3854 1413 3909 relicta

354 3931 492 4002 Hugouis
528 3935 564 3989 de
599 3934 726 4000 Ledeue,
759 3937 789 3990 in
825 3936 902 4006 ligia
937 3936 1082 3991 viduitate
1118 3954 1194 4000 mea,
1233 3936 1345 4000 remisi,
1383 3944 1413 3992 ct

354 4016 469 4084 quietos
497 4017 633 4083 clamavi,
663 4019 762 4074 abbati
788 4020 834 4074 et¹
862 4020 1020 4075 conventui
1049 4019 1151 4074 Sancti
1169 4019 1253 4075 Petri
1273 4019 1412 4076 Glouees·

353 4098 429 4163 tria,
444 4100 584 4169 quamdiu
602 4103 712 4168 vixero,
728 4102 801 4157 duca
823 4103 933 4158 solidos
953 4120 1026 4174 quos
1044 4104 1162 4157 nomine
1181 4102 1260 4159 dotis
1279 4103 1316 4158 de
1333 4110 1414 4159 terra

353 4181 491 4251 Hngonis
510 4183 546 4238 de
565 4183 682 4240 Ladona
709 4186 856 4257 quondam
874 4187 933 4241 viri
952 4187 1011 4241 mei
1030 4187 1182 4241 annuatim
1200 4187 1238 4241 ab
1255 4188 1331 4258 ipsis
1349 4205 1414 4259 per·

352 4263 450 4334 cipere
481 4266 626 4322 solebam:
671 4269 713 4324 ita
749 4269 865 4325 scilieet
901 4269 981 4340 quod
1016 4270 1047 4324 in
1077 4277 1140 4325 teta
1170 4270 1233 4325 vita
1263 4288 1330 4325 mea
1359 4289 1414 4326 nec

351 4347 509 4416 praedictos
528 4349 672 4418 denarios,
693 4371 747 4408 nee
765 4360 877 4409 terram
903 4372 956 4424 pro
982 4371 1041 4425 qua
1067 4354 1135 4410 illos
1162 4355 1273 4426 recepi,
1293 4373 1413 4427 pernae

728 4636 734 4662 ¹
753 4631 790 4699 et]
808 4635 924 4698 repeated
935 4633 963 4683 in
974 4633 1030 4686 MS.
