3158 5610
375 742 439 806 2116
664 752 914 804 cuntramnus
936 752 1147 804 nosssruun

375 940 470 987 terras
490 939 520 987 et
537 948 584 985 ros
603 930 676 985 alias
694 931 725 985 in
743 930 913 1002 episcopatu
932 947 997 985 meo
1017 949 1090 1001 quas
1109 930 1190 986 Deus
1212 930 1330 986 dederit
1346 931 1435 987 vobis

374 1018 429 1071 hoc
453 1024 546 1087 pacto,
566 1020 601 1070 ut
617 1015 708 1069 vestri
742 1015 876 1070 monachi
903 1013 973 1070 dent
990 1015 1064 1071 mihi
1090 1015 1281 1071 rectitudines
1309 1024 1341 1071 et
1364 1034 1435 1071 con·

376 1101 545 1155 suetudines
564 1099 600 1153 da
619 1099 761 1162 ecclesiis,
787 1104 838 1154 aut
849 1097 1051 1170 deprecentur.
1090 1099 1223 1154 Concedo
1240 1100 1381 1171 equidem
1400 1108 1436 1155 ut

375 1186 432 1255 ipsi
463 1184 618 1240 admittant
648 1188 678 1238 et
706 1188 820 1239 mutent
851 1183 973 1239 clericos
1000 1200 1068 1239 suos
1100 1200 1154 1256 pro
1184 1201 1239 1240 sua
1252 1183 1432 1241 'voluntate

375 1268 488 1325 Valete.

429 1471 564 1539 CCVII.
588 1471 637 1539 De
659 1470 780 1547 eodem,
802 1468 927 1537 scilicet
949 1469 989 1536 de
1011 1469 1191 1538 Bmaordo
1208 1468 1383 1558 pontifico.

208 1630 275 1683 M).
290 1636 362 1682 1152.
411 1601 522 1655 Notum
550 1601 590 1656 sit
615 1599 749 1654 omnibus
768 1599 909 1653 Ecclesia
935 1598 992 1653 Dei
1009 1598 1090 1663 filiis,
1110 1597 1250 1670 quatinus
1274 1616 1334 1673 ege
1357 1598 1432 1653 Ber·

209 1725 247 1772 (tf
255 1724 297 1774 the

209 1806 285 1841 same.

374 1685 493 1749 nardus,
514 1684 570 1738 Dei
589 1684 686 1755 gratia
704 1683 836 1738 ecclesias
856 1682 955 1737 Sancti
974 1682 1071 1737 David
1089 1684 1253 1754 episcopus,
1273 1682 1412 1737 sulutem.

410 1768 544 1823 Concedo
574 1776 604 1823 ct
631 1768 769 1822 confirmo
793 1765 981 1820 elemosinam
1009 1783 1097 1836 quam
1122 1766 1203 1822 dedit
1229 1766 1323 1838 Wyzc
1343 1766 1432 1821 Hun-

373 1853 487 1908 drensis
507 1853 569 1907 Deo
591 1860 621 1907 et
640 1853 746 1906 Sancto
764 1850 862 1914 Petro,
883 1849 980 1903 abbati
999 1854 1029 1904 et
1053 1851 1209 1904 conventui
1234 1849 1369 1905 ecclesius
1392 1850 1430 1905 dc

375 1937 567 2001 Glaucestria
582 1936 736 1990 ecclesiam
754 1934 868 1988 scilicet
885 1933 998 1988 castelli
1017 1934 1063 1988 sui
1081 1934 1118 1988 de
1131 1933 1270 2004 Dugledi,
1285 1940 1317 1989 et
1328 1951 1429 1989 omnes

375 2022 512 2076 ecclesius
532 2028 561 2074 et
579 2020 705 2091 eapellas
723 2019 814 2072 totius
833 2024 919 2072 teme
932 2036 992 2071 suae
1005 2035 1072 2071 cum
1090 2016 1212 2072 decimis
1231 2024 1263 2073 et
1279 2017 1430 2073 beneficiis

376 2110 406 2160 et
431 2107 528 2160 terris.
576 2104 653 2171 Quin
678 2102 767 2156 etiam
791 2101 922 2156 concessi
948 2110 979 2155 et
1003 2100 1141 2155 confirmo
1166 2100 1328 2172 dignitates
1355 2120 1430 2172 quas

268 2251 274 2262 .
377 2188 558 2245 venerandus
588 2186 733 2241 Wlfridus
779 2185 932 2256 episeopus
966 2190 1130 2239 antecessor
1165 2203 1250 2240 meus
1286 2186 1429 2242 fratribus

376 2275 524 2346 pradictus
542 2271 673 2326 ecelesias
686 2269 924 2325 conversantibus
937 2270 1089 2333 concessit,
1103 2269 1198 2325 dando
1215 2271 1259 2325 eis
1277 2270 1430 2327 licentium

376 2356 586 2413 sermocinandi
608 2355 725 2426 populo,
757 2359 788 2409 et
813 2353 1066 2409 Christianitatem
1089 2353 1216 2409 faciendi
1241 2354 1281 2410 sd
1309 2354 1432 2409 modum

374 2442 538 2513 presbiteri.
577 2439 710 2494 Concedo
736 2439 779 2492 eis
805 2438 894 2493 ctiam
920 2444 953 2491 ut
977 2437 1116 2492 ecclesias
1141 2443 1172 2493 et
1195 2437 1341 2494 beneficis
1362 2456 1430 2511 qun

374 2527 454 2581 Deus
473 2525 515 2579 eis
534 2523 649 2577 dederit
665 2540 718 2593 per
736 2521 865 2591 aliquem
884 2538 1002 2576 servum
1020 2538 1107 2576 suum
1124 2521 1155 2576 in
1172 2522 1347 2594 episcopatu
1363 2540 1429 2579 mco

372 2609 515 2681 recipiant
540 2614 570 2662 et
595 2606 772 2677 possideant,
793 2622 827 2659 eo
844 2605 929 2659 modo
948 2610 982 2660 ut
1001 2603 1071 2659 dent
1087 2606 1162 2660 mihi
1179 2607 1374 2663 rectitudines
1397 2612 1430 2663 et

373 2693 598 2750 consuetudines
619 2691 655 2745 de
675 2689 806 2745 ecclesiis
825 2695 877 2745 sut
894 2688 1095 2760 deprecentur.
1133 2689 1269 2745 Ooucedo
1286 2692 1378 2747 etiarn
1394 2698 1430 2749 ut

373 2779 429 2850 ipsi
460 2776 592 2831 monachi
624 2775 746 2829 clericos
777 2791 845 2827 suos
875 2790 928 2844 pro
953 2790 1007 2829 sua
1035 2773 1185 2829 voluntate
1210 2773 1371 2832 admth
1398 2780 1430 2832 et

373 2868 496 2916 mutent.

409 2947 494 3000 Hanc
513 2942 711 3014 supradictum
732 2941 930 3004 elemosinam,
944 2959 991 2994 me
1003 2948 1156 3013 praesente,
1177 2960 1275 2997 corum
1293 2943 1429 3015 pluribus

374 3030 508 3091 testibus,
534 3027 683 3082 Walterus
708 3025 786 3080 filius
811 3026 944 3095 ejusdem
962 3026 1104 3082 ll'iteonis
1129 3027 1271 3082 ethaeros
1296 3028 1429 3099 plenario

374 3117 417 3169 eis
435 3112 564 3168 reddidit
581 3117 610 3166 et
628 3111 780 3166 concessit.
818 3111 883 3165 Hoc
907 3118 1001 3165 totum
1025 3111 1172 3167 confirmo.
1212 3111 1319 3167 Omnia
1337 3113 1431 3183 igitur

374 3197 484 3266 scripta
501 3194 564 3247 hrec
591 3192 651 3246 suis
677 3193 821 3262 impressa
849 3191 956 3261 sigillis
975 3191 1155 3263 inspeximus
1179 3210 1255 3246 anno
1273 3193 1310 3246 ab
1329 3192 1430 3249 Incar-

373 3281 489 3334 natione
507 3277 626 3331 Domini
652 3276 810 3331 millesimo
832 3277 990 3331 centesimo
1017 3276 1263 3347 quinquagesimo
1280 3279 1428 3335 secundo.¹

374 3367 449 3419 Cum
486 3364 563 3417 iutra
599 3361 782 3431 supradictas
818 3360 957 3415 eeclesias
990 3360 1074 3417 nobis
1110 3360 1309 3419 mediantibus
1346 3364 1430 3421 fieret

373 3453 532 3504 memorata
550 3446 711 3501 conventio.

716 3653 870 3720 CCVIII.
894 3655 943 3721 De
967 3654 1076 3721 (tortia.

407 3804 451 3857 De
479 3802 561 3857 (lonis
588 3820 654 3871 quar
681 3801 871 3855 conferuntur
899 3801 962 3867 regi
989 3805 1148 3871 spontanea
1166 3801 1319 3858 voluntate
1337 3810 1368 3859 et
1390 3805 1428 3860 de

371 3890 468 3958 gratia
492 3887 650 3943 donatoris,
683 3896 713 3939 et
743 3885 850 3954 uliquis
881 3885 971 3939 breint
996 3886 1083 3939 tinem
1110 3904 1164 3957 pro
1190 3886 1265 3940 dono
1296 3888 1426 3960 proprio,

371 3984 440 4027 tnnc
458 3973 562 4040 regina
579 3988 684 4024 arnum
708 3987 765 4023 non
789 3967 915 4022 habebit.
954 3968 986 4022 Si
1010 3986 1081 4023 vero
1105 3969 1213 4040 aliquis
1231 3971 1322 4026 faeiat
1339 3972 1428 4028 flnem

370 4074 423 4127 pro
440 4055 608 4125 hujusmodi
628 4054 711 4107 donis
731 4054 815 4107 lact-is
834 4053 870 4106 de
896 4053 993 4123 gratia
1016 4058 1076 4108 tam
1100 4071 1154 4125 pro
1178 4054 1245 4110 aliis
1264 4074 1354 4129 quam
1373 4074 1427 4131 pro

371 4158 401 4195 se
421 4141 493 4211 ipsa,
514 4140 555 4194 ibi
575 4139 624 4193 liert
642 4144 729 4210 prout
746 4137 810 4191 fieri
828 4137 923 4192 debet.

378 4321 499 4329 ---.—.—.
521 4322 551 4329 ..-
578 4319 672 4327 .—.-—
689 4316 987 4325 -—--——-——-—

405 4447 411 4476 ¹
425 4446 489 4495 This
497 4445 653 4507 chronology
662 4442 685 4490 is
696 4441 869 4491 inconsistent.
893 4452 896 4497 3
921 4442 959 4489 sor
971 4441 1011 4492 his
1022 4456 1159 4504 successor,
1171 4444 1258 4495 Dauid
1271 4446 1428 4511 Fitzgendd,

370 4526 492 4581 Berusrd,
500 4527 584 4573 whose
595 4537 669 4571 nume
680 4521 703 4569 is
714 4528 739 4569 at
751 4521 793 4570 the
805 4521 870 4571 head
921 4538 972 4571 was
1005 4525 1164 4574 consecrated
1192 4524 1221 4573 iu
1252 4528 1324 4575 1117.
1365 4526 1427 4577 Vide

370 4606 400 4653 os
407 4604 458 4653 this
470 4605 628 4657 instrument,
640 4601 690 4649 had
701 4603 791 4650 eeased
801 4612 828 4652 to
839 4602 869 4650 be
893 4612 896 4657 ξ
921 4602 1044 4652 Ianeve's
1060 4602 1132 4654 fasti
1150 4605 1203 4667 (ed.
1215 4604 1391 4671 direpti-01.
1407 4606 1425 4659 i.

370 4683 459 4746 bisbop
475 4683 505 4732 os
522 4683 558 4733 St.
576 4680 683 4731 Darid'a
701 4681 785 4731 betam
798 4685 871 4743 1151,
892 4666 898 4743 Ι
919 4686 1011 4746 pm
