3158 5610
360 733 425 797 254
649 748 900 800 emrtuamuu
922 750 1132 803 srosasrssu

359 921 509 977 dilectioni
534 928 640 977 vostrae
659 923 714 980 sub
732 925 899 981 testimonio
926 906 1092 981 litteratim
1116 929 1283 984 vestrarum
1301 923 1419 995 signifi·

359 1023 426 1061 care
452 1006 628 1072 curavimus,
655 1024 691 1062 ne
710 1010 879 1080 suppressio
903 1010 1037 1067 veritatis
1063 1008 1228 1082 saepedictis
1254 1007 1355 1065 abbati
1385 1012 1420 1063 et

359 1090 509 1147 monachis
526 1109 631 1149 nocere
648 1094 816 1167 praevaleat.

679 1297 864 1365 CLXXXI.
885 1298 937 1365 Dc
959 1298 1080 1367 eodem.

394 1439 495 1497 Sciant
511 1447 670 1512 praesentes
698 1449 728 1498 et
753 1443 855 1506 futuri,
876 1444 955 1515 qnod
980 1460 1036 1514 ego
1058 1441 1217 1507 Henricus,
1238 1440 1295 1497 Dei
1314 1438 1416 1513 gratis

357 1526 445 1580 abbas
465 1533 495 1581 et
512 1533 671 1581 conventus
691 1526 792 1582 Sancti
815 1527 898 1582 Petri
918 1528 1120 1593 Glaucestria,
1146 1544 1270 1583 assensu
1287 1532 1320 1583 et
1337 1525 1414 1599 peti·

355 1611 435 1664 tione
461 1609 535 1665 Adae
564 1612 669 1666 vicarii
699 1612 832 1667 ecelesia
862 1618 970 1667 nostras
1006 1612 1042 1667 de
1073 1613 1179 1675 (leura,
1211 1612 1414 1667 concessimus

229 1705 261 1734 ’·
357 1694 485 1749 lieberto
509 1695 545 1749 da
564 1696 731 1765 Eynesham
757 1703 849 1752 totam
877 1697 1087 1752 terramillam
1106 1714 1196 1767 quam
1214 1695 1307 1766 Hugo
1326 1695 1365 1751 de
1382 1694 1414 1749 la

356 1779 466 1832 lIosolo
484 1786 568 1850 pater
586 1780 707 1834 Roberti
733 1781 770 1834 de
796 1780 825 1834 la
849 1781 960 1836 Hasele
978 1781 1061 1835 dedit
1078 1780 1175 1837 eidem
1193 1780 1328 1837 ecclesis
1346 1796 1414 1833 nos·

355 1868 408 1916 tum
427 1863 463 1917 de
483 1863 580 1918 (leura
603 1864 640 1918 ad
663 1865 871 1921 inveniendum
890 1867 921 1920 in
944 1883 980 1920 ea
1005 1865 1167 1931 luminare,
1199 1864 1359 1921 tenendam
1376 1862 1414 1917 de

354 1947 438 2000 nobis
456 1947 488 2000 in
507 1948 591 2001 leode
608 1952 639 2002 et
656 1947 827 2004 haereditate
847 1949 904 2004 sibi
923 1955 953 2004 et
970 1948 1136 2004 haeredibus
1157 1948 1219 2005 suis
1239 1948 1366 2003 liberam
1383 1951 1415 2001 et

356 2032 485 2100 quietam
511 2032 547 2086 ab
580 2032 659 2086 omni
693 2033 814 2088 servitio
846 2040 876 2088 et
904 2034 1062 2097 exactione,
1097 2050 1151 2105 pro
1180 2032 1278 2087 tribus
1308 2030 1414 2089 solidis

353 2115 502 2184 praedictus
521 2115 652 2170 ecelesias
670 2122 777 2171 nostrae
796 2117 834 2171 ad
852 2117 996 2172 luminare
1015 2118 1046 2173 iu
1073 2134 1109 2173 ea
1134 2116 1345 2173 inveniendum
1364 2133 1414 2171 cn·

354 2199 466 2253 niratim
486 2199 686 2270 persolvendis
706 2201 743 2254 ad
761 2202 869 2256 festum
890 2202 991 2256 Sancti
1018 2201 1184 2257 Michaelis.
1230 2200 1316 2255 Idem
1341 2215 1414 2253 vero

355 2281 500 2337 Robertus
519 2283 555 2336 dc
574 2284 741 2353 Eynesham
756 2285 958 2355 juramentum
969 2285 1054 2339 nobis
1066 2285 1207 2356 praestitit
1218 2283 1298 2354 qnod
1315 2282 1413 2337 fidelis

355 2366 413 2420 erit
429 2367 513 2421 nobis
532 2372 562 2421 et
580 2366 711 2421 eeclesiae
736 2374 844 2422 nostrae
872 2368 908 2423 de
934 2368 1032 2424 Goura
1055 2368 1092 2422 de
1116 2366 1265 2422 reddendo
1291 2365 1413 2421 redditu

353 2458 453 2507 nostro
483 2450 613 2521 plenarie
644 2453 762 2507 statutis
793 2452 950 2518 terminis;
977 2458 1006 2507 et
1034 2451 1113 2522 quod
1141 2470 1196 2506 nee
1231 2458 1326 2507 artem
1357 2467 1412 2504 nee

354 2537 505 2608 ingenium
535 2535 670 2606 exquiret
698 2536 776 2591 undo
806 2537 885 2593 dlota
915 2537 1040 2591 ecelesia
1069 2553 1123 2609 per
1156 2544 1294 2593 tenuram
1326 2551 1411 2590 suam

354 2621 492 2675 damnum
532 2620 679 2685 incurrat,
717 2625 748 2676 et
785 2621 864 2691 qnod
899 2621 1072 2692 praedictam
1108 2620 1266 2677 ecclesiam
1312 2635 1411 2691 neque

352 2704 461 2759 vendet
471 2720 567 2774 neque
586 2703 755 2769 excambiet,
769 2721 866 2774 neque
883 2705 915 2758 in
932 2704 1133 2761 vadimonium
1145 2709 1243 2777 ponat,
1257 2719 1356 2773 neque
1374 2700 1412 2756 sd

352 2789 440 2843 aliam
459 2787 613 2843 ecclesiam
630 2788 795 2844 transferet.
833 2788 964 2843 Eandem
990 2789 1179 2845 securitatem
1197 2788 1307 2844 facient
1324 2785 1410 2841 nobis

351 2872 483 2927 haeredes
502 2872 549 2927 eui
567 2890 635 2927 eum
653 2872 764 2943 singuli
782 2872 839 2929 sibi
858 2872 1025 2929 succedent.

387 2957 423 3011 Iu
442 2957 527 3028 eujus
545 2956 598 3021 rei,
619 2962 674 3012 etc.

289 3194 294 3204 ·
353 3165 557 3232 CLXXXII.
593 3163 814 3252 Oerpirnmtio
840 3159 988 3228 Deretini
1010 3159 1039 3226 J
1040 3154 1225 3246 [elaeonis]
1251 3152 1408 3223 Bretina

674 3266 714 3331 de
741 3264 878 3331 ecclesio
902 3263 941 3328 de
968 3262 1090 3329 Oenea.

183 3427 250 3479 Λ.Ι).
265 3436 337 3485 1272.
387 3433 529 3490 Omnibus
545 3430 659 3485 Sanctus
670 3429 677 3461 ¹
688 3429 792 3484 Matris
805 3426 946 3483 Ecclesiae
960 3425 1038 3490 liliis,
1060 3423 1220 3485 Johannes,
1235 3419 1292 3474 Dei
1310 3419 1410 3492 gratia

181 3495 271 3547 March
283 3504 320 3550 ¹¹·
351 3518 578 3575 Heresordensis
597 3516 729 3570 ecclesian
748 3513 884 3568 minister
902 3510 1033 3573 humilis,
1055 3508 1180 3563 salutem
1199 3507 1231 3560 in
1250 3505 1387 3559 Domino.

183 3574 272 3627 ΘΗΜ
387 3602 530 3673 Quoniam
554 3599 761 3670 religiosorum
785 3598 850 3652 loca
876 3596 925 3667 pio
954 3611 1069 3665 semper
1096 3591 1204 3646 affectu
1223 3595 1253 3645 et
1279 3588 1407 3660 benigno

181 3656 257 3693 Μ’
352 3694 420 3742 surm
438 3684 642 3758 prosequenda
666 3684 775 3745 flavore,
803 3699 836 3735 ac
855 3681 891 3733 ab
916 3679 1035 3733 illorum
1054 3693 1179 3747 qnorum
1198 3675 1324 3728 interest
1340 3690 1408 3743 pro-

348 3772 417 3825 vida
442 3769 642 3842 dispositione,
670 3768 712 3822 ita
735 3766 808 3820 viris
827 3763 976 3834 religiosis
1003 3763 1032 3815 in
1050 3759 1226 3816 necessariis
1246 3764 1292 3813 est
1309 3757 1409 3829 provi·

349 3854 476 3908 (lendum
498 3860 532 3907 ut
550 3849 786 3922 contemplationi
805 3854 834 3902 et
852 3847 976 3929 orationi
995 3846 1087 3899 libere
1106 3860 1210 3898 vacare
1230 3847 1261 3895 ct
1276 3840 1408 3911 hospita—

348 3941 462 3994 litatem
487 3956 552 4008 qme
579 3954 676 3991 comes
701 3933 853 4004 religionis
878 3948 943 3985 esse
968 3929 1055 3984 debet
1079 3936 1141 3983 tam
1167 3928 1274 3981 effectu
1299 3923 1408 3979 sectari

349 4022 462 4094 possint
488 4039 576 4092 apuam
604 4021 718 4081 affectu,
738 4016 867 4089 pensatis
894 4015 1068 4069 dilectorum
1093 4012 1223 4066 fillorum
1241 4009 1357 4064 abbatis
1376 4015 1407 4063 et

348 4112 508 4160 conventus
528 4105 629 4159 Sancti
647 4103 728 4158 Petri
748 4100 941 4155 Glouccstriae
965 4098 1080 4152 meritis
1106 4095 1258 4167 praeclaris
1283 4102 1315 4148 et
1332 4092 1407 4148 enri-

347 4196 408 4244 iato
427 4190 550 4253 fervida,
565 4190 615 4259 qm
628 4188 704 4241 bona
722 4186 778 4241 sibi
797 4203 815 4239 a
827 4184 953 4239 Domino
973 4182 1080 4236 collata
1097 4181 1130 4234 in
1147 4197 1219 4234 usus
1239 4194 1405 4250 parmarum

349 4282 378 4327 et
402 4274 552 4345 hospitum
583 4271 806 4342 susceptionem,
832 4275 894 4324 tam
925 4267 955 4320 in
985 4265 1164 4319 monasterio
1190 4262 1291 4317 Sancti
1322 4261 1405 4315 Petri

347 4357 487 4427 prroeffleto
507 4374 595 4428 quam
619 4355 655 4410 de
673 4352 858 4419 Herefordia,
879 4349 1058 4415 Bromlelde,
1079 4356 1110 4404 et
1127 4347 1248 4419 Kylpek
1266 4346 1405 4418 priorati-

721 4550 1033 4561 -·.-...--·-————-—---
1057 4548 1119 4556 ---
1132 4546 1369 4555 ——-——-—
1380 4549 1397 4554 ..

711 4692 718 4721 ¹
739 4689 851 4755 Sancte]
871 4688 1031 4751 Summis.
