3158 5610
385 770 450 842 sm
668 783 921 837 cssmrnnmn
943 784 1154 837 uosasrsau

385 963 429 1033 iij.
442 961 470 1016 d.
503 967 533 1015 et
557 961 595 1016 ad
620 961 727 1015 festum
750 959 848 1014 Sancti
874 960 1029 1015 Michaelis
1047 960 1080 1031 ij.
1102 959 1212 1015 solidos
1230 968 1262 1017 et
1279 961 1324 1033 iij.
1338 961 1370 1017 d.
1390 979 1445 1034 pro

385 1047 519 1101 omnibus
547 1046 685 1108 servitiis,
715 1045 796 1100 salvo
821 1045 943 1100 seruitio
980 1047 1060 1115 regis
1091 1052 1121 1100 et
1148 1045 1272 1101 servitio
1296 1047 1445 1101 forinseco

386 1130 464 1201 quod
482 1130 519 1184 nd
536 1129 618 1183 illam
635 1130 781 1199 virgatam
800 1135 887 1183 terrae
904 1130 1040 1200 pertinet.
1078 1129 1137 1183 Pro
1155 1130 1210 1185 hac
1235 1136 1335 1185 autem
1354 1129 1445 1184 dona·

384 1215 464 1268 tione
482 1212 564 1268 dedit
581 1213 653 1267 mihi
672 1213 829 1284 pnedietns
848 1212 974 1268 Thomas
992 1213 1146 1267 dimidiam
1164 1230 1295 1269 mar-eam
1314 1213 1441 1284 argenti.

385 1299 424 1352 Et
442 1304 475 1352 ut
492 1299 555 1351 hree
578 1304 659 1352 carta
677 1303 741 1352 rata
758 1304 789 1351 et
806 1297 978 1353 inconvulsa
992 1302 1171 1369 permaneat,
1192 1298 1288 1368 sigilli
1309 1298 1370 1353 mei
1388 1297 1443 1352 im·

385 1382 552 1457 pressione‘
572 1382 706 1439 roboravi
726 1399 799 1438 eam.

724 1642 884 1710 CCXXV.
908 1643 959 1710 Dc
974 1643 1095 1710 codem.

423 1810 524 1865 Sciant
541 1814 699 1882 praesentes
718 1814 749 1863 et
766 1807 869 1869 futuri,
891 1808 969 1879 quod
987 1826 1044 1879 ego
1061 1807 1211 1864 Walterus
1229 1808 1358 1881 Hayrun
1376 1824 1443 1863 eou-

386 1897 461 1951 cossi
479 1902 510 1950 et
526 1895 641 1949 reddidi
660 1900 690 1949 et
707 1893 866 1965 recognovi
879 1893 998 1947 Thomas
1011 1893 1137 1965 Hayrnu
1154 1898 1281 1964 cognato
1299 1911 1376 1957 meo,
1390 1911 1444 1965 pro

384 1981 521 2051 homagio
540 1987 570 2034 et
589 1979 709 2034 servitio
729 1997 791 2041 suo,
814 1996 902 2032 unam
928 1978 1074 2049 virgatam
1101 1984 1188 2034 terrm
1214 1996 1282 2033 cnm
1307 1977 1444 2032 omuibus

384 2066 569 2139 pertinentiis
596 2065 626 2118 in
645 2063 753 2118 Ohotes
781 2063 858 2118 sicut
879 2062 930 2134 jus
958 2080 1045 2117 suum
1069 2070 1100 2118 et
1116 2060 1328 2125 haereditatem,
1355 2081 1444 2133 quam

310 2141 315 2147 ’
385 2151 499 2205 scilieet
516 2148 663 2218 virgatam
680 2152 767 2201 terras
786 2145 928 2202 Osbertus
947 2152 1030 2218 pater
1048 2146 1142 2218 ipsius
1160 2147 1280 2200 'I'homoe
1298 2146 1397 2201 tenuit
1408 2146 1444 2200 de

385 2235 523 2305 Philippo
541 2238 624 2304 patro
642 2248 725 2297 meo;
752 2231 907 2286 tenendam
926 2238 956 2286 et
972 2231 1135 2286 habendam
1152 2231 1209 2285 sibi
1228 2236 1259 2286 et
1275 2229 1443 2286 heredibus

385 2320 447 2375 suis
466 2319 502 2371 dc
520 2335 567 2371 mo
586 2322 617 2370 et
634 2315 800 2370 haeredibus
824 2315 899 2369 meis
918 2315 948 2369 in
966 2315 1051 2370 feodo
1076 2323 1107 2370 et
1130 2314 1314 2378 haereditate,
1341 2315 1385 2369 ita
1407 2314 1442 2369 li·

385 2406 454 2459 bere
472 2410 502 2459 et
514 2402 622 2473 quiete,
641 2400 800 2455 honorifico
813 2405 843 2454 et
855 2401 971 2470 integro
989 2408 1024 2455 ut
1036 2417 1091 2469 ego
1110 2399 1172 2471 ipse
1190 2406 1287 2463 teneo,
1302 2399 1333 2453 in
1345 2399 1441 2470 plano,

384 2490 416 2543 in
433 2488 526 2559 pratis
545 2494 575 2541 et
592 2484 719 2557 pascuis,
740 2484 770 2538 in
796 2484 930 2539 omnibns
956 2484 1038 2548 locis,
1059 2488 1090 2538 et
1119 2483 1149 2537 iu
1176 2483 1314 2539 omuibus
1340 2483 1443 2538 liberis

385 2569 655 2627 consuetudinibus.

419 2654 579 2710 Reddendo
606 2654 674 2708 indo
701 2652 853 2707 annuatim
879 2651 954 2706 mihi
979 2656 1010 2707 et
1035 2651 1201 2706 heredibus
1229 2651 1305 2706 meis
1331 2653 1396 2725 ipse
1414 2664 1443 2707 et

383 2740 515 2795 haeredes
535 2739 581 2793 sui
600 2744 660 2792 tres
679 2737 788 2792 solidos
801 2737 839 2791 etl
851 2737 924 2790 duos
936 2736 1087 2799 tennione,
1102 2736 1216 2791 scilicet
1227 2736 1264 2790 od
1276 2736 1443 2792 Advineula

386 2823 485 2880 Sancti
511 2821 592 2878 Petri
618 2821 700 2892 xviij.
714 2821 754 2883 d..
782 2821 812 2875 iu
840 2821 916 2875 festo
944 2820 1044 2875 Sancti
1063 2820 1216 2875 Michaelis
1235 2820 1368 2891 xviij.d.‚
1390 2838 1444 2892 pro

385 2908 464 2963 omni
482 2906 605 2961 servitio
623 2912 653 2961 et
671 2905 820 2960 exactione
840 2923 905 2976 quse
930 2904 967 2959 nd
991 2905 1200 2959 terramillam
1224 2904 1374 2975 pertineat
1396 2904 1443 2959 vel

384 2992 531 3065 pertinere
551 2991 653 3062 possit,
681 2989 763 3044 salvo
789 2990 911 3045 servitio
929 2989 1034 3060 regali.
1072 2988 1131 3043 Pro
1148 2989 1203 3043 hac
1223 2996 1322 3043 autem
1341 3006 1442 3060 recog·

384 3077 494 3130 uitione
525 3081 555 3129 et
584 3073 770 3128 concessione
804 3072 886 3127 (ledit
914 3073 987 3127 mihi
1014 3072 1172 3143 predictus
1199 3073 1327 3127 Thomas
1353 3092 1441 3127 unam

385 3177 512 3213 marcam
532 3159 656 3226 argenti.
694 3157 734 3211 Et
752 3157 821 3227 qnia
838 3156 905 3211 volo
923 3156 1001 3226 quod
1018 3157 1081 3210 luec
1099 3174 1165 3211 mea
1182 3157 1333 3211 concessio
1350 3166 1381 3211 et
1399 3176 1443 3210 re·

385 3243 514 3313 cognitio
532 3250 596 3296 rata
614 3250 644 3297 et
662 3242 836 3295 inconcussa
861 3247 1040 3311 permaneat,
1061 3240 1142 3295 illam
1170 3241 1310 3312 praesenti
1332 3241 1441 3311 scripto

387 3336 417 3384 ot
434 3327 526 3396 sigilli
546 3326 604 3379 mei
623 3326 809 3381 attestatione
828 3324 1007 3380 confirmavi.

721 3567 902 3635 ooxxvl.
925 3568 974 3633 Dc
996 3568 1114 3634 codem.

426 3727 526 3783 Sciant
553 3731 711 3798 praesentes
743 3733 772 3779 et
802 3725 904 3788 futuri,
934 3723 1012 3794 quod
1038 3741 1093 3794 ego
1118 3724 1286 3779 Willelmus
1318 3725 1442 3798 Hayrun

390 3812 468 3866 filius
496 3811 626 3882 Philippi
652 3810 778 3880 Hayruu
808 3810 938 3864 concessi
970 3816 1000 3864 et
1029 3809 1138 3865 tradidi
1164 3808 1227 3864 Deo
1252 3816 1283 3863 et
1310 3811 1442 3866 eeclesiae

391 3896 490 3950 Sancti
510 3895 591 3948 Petri
606 3894 808 3949 Glaucestriie.
823 3900 854 3947 ot
865 3892 1015 3947 inormehis
1028 3893 1138 3948 ibidem
1152 3893 1214 3947 Deo
1233 3895 1441 3955 servientibus.

389 3980 472 4033 illam
491 3986 604 4049 partem
632 3977 766 4050 capitalis
792 3977 951 4032 mansionis
969 3977 1000 4031 in
1018 3977 1171 4031 Estleoche
1197 3996 1285 4048 quam
1304 3979 1336 4033 ἱιι
1354 3998 1443 4037 mauu

388 4082 454 4118 mea
471 4064 659 4127 retinueram,
679 4080 745 4117 eum
764 4062 920 4132 curtilagio
939 4068 970 4116 et
986 4062 1166 4116 columbario
1184 4080 1266 4129 meo;
1286 4064 1443 4120 tenendam

389 4148 424 4202 do
444 4164 490 4200 mo
509 4154 539 4200 et
556 4147 722 4201 haeredibus
741 4147 815 4200 meis
834 4146 871 4200 ad
889 4153 1059 4216 perpetuam
1079 4147 1202 4202 firmam.

425 4230 582 4284 Reddemlo
602 4232 750 4285 annuatim
776 4230 847 4284 mihi
873 4238 903 4286 et
927 4231 1093 4285 hieredibus
1118 4233 1192 4287 meis
1220 4251 1307 4288 unam
1336 4234 1443 4292 libram

388 4334 463 4370 eene
483 4315 511 4367 in
531 4315 605 4368 sesto
619 4314 717 4370 Sancti
737 4314 891 4370 Michaelis
911 4333 964 4388 pro
982 4316 1116 4372 omuibus
1130 4317 1269 4374 serviliis
1295 4318 1365 4376 IIiis
1385 4330 1442 4375 tes·

388 4400 476 4456 tibus.

391 4585 464 4593 ——-
477 4582 690 4591 —----———·
696 4583 760 4590 —-
767 4584 872 4591 ——-
880 4585 1049 4593 .--—-——
1055 4586 1080 4594 ,ω
1096 4588 1134 4594 -.-

638 4708 645 4737 ¹
663 4709 708 4760 mei
719 4709 885 4778 impressione]
904 4726 946 4761 me
956 4713 1124 4779 oppressione,
1135 4714 1191 4769 MS.
