3158 5610
352 790 418 855 etl
643 797 892 853 cleronomus
914 799 1122 850 nonnarum

665 1022 872 1090 CCOXLIX.
897 1022 946 1089 De
969 1022 1089 1090 codem

389 1163 490 1219 Sciant
514 1168 672 1235 praesentes
698 1170 729 1218 et
757 1158 868 1228 futuri,
888 1163 967 1234 qued
993 1181 1050 1234 ego
1073 1163 1218 1238 Wymerk
1235 1165 1344 1221 relicta
1362 1165 1416 1221 Jo-

351 1249 456 1303 hannis
474 1248 706 1303 Frnnechevaler
724 1247 791 1302 dedi
810 1254 840 1303 et
857 1248 988 1303 concessi
1006 1248 1079 1313 Dee,
1099 1254 1130 1305 et
1152 1250 1290 1304 ecelesiae
1309 1248 1414 1306 Sancti

353 1332 435 1387 Petri
461 1331 653 1388 Gloucestrim
678 1337 708 1386 et
735 1332 883 1387 monachis
910 1331 1019 1387 ibidem
1037 1332 1101 1388 Dee
1126 1334 1340 1407 servientibus,
1360 1352 1414 1407 pro

353 1417 448 1471 salute
475 1417 581 1471 animm
608 1434 691 1480 mem,
719 1423 748 1471 et
773 1434 826 1487 pre
853 1417 1006 1471 animabus
1031 1415 1144 1472 domini
1173 1418 1235 1473 mei
1265 1417 1414 1473 Johannis

353 1500 604 1565 Frariechevallor,
632 1506 662 1554 et
686 1500 829 1556 Willelmi
855 1500 910 1555 filii
939 1501 1008 1565 mei,
1037 1506 1069 1558 et
1092 1502 1225 1557 omnium
1253 1508 1412 1576 parentum

352 1602 493 1649 meorum,
508 1584 539 1639 in
556 1585 690 1649 liberam,
709 1602 824 1655 puram,
840 1590 871 1639 et
887 1591 1059 1657 perpetuam
1076 1585 1280 1652 elemosinam,
1299 1594 1411 1643 tenum
1462 1580 1465 1585 ’

352 1688 440 1741 qnam
459 1670 517 1723 emi
535 1669 571 1724 de
583 1670 681 1725 Watio
700 1686 769 1725 coco
781 1669 810 1723 in
823 1668 1007 1739 Longclorde
1024 1671 1061 1725 de
1079 1672 1199 1743 proprie
1218 1671 1329 1727 catello
1347 1690 1414 1728 mee

352 1755 383 1808 in
401 1760 585 1825 perpetuum,
604 1754 697 1808 libere
716 1760 746 1808 et
771 1753 870 1824 quiete
895 1753 1110 1824 possidendam,
1131 1772 1222 1826 quam
1240 1755 1413 1812 Willelmus

352 1838 430 1892 filius
450 1839 575 1895 Siwerdi
594 1839 690 1893 tenuit
708 1838 744 1892 de
762 1855 826 1903 me;
854 1838 968 1893 seilicet
994 1846 1120 1909 qiiatuer
1147 1856 1233 1894 seras
1258 1840 1297 1896 de
1315 1848 1410 1912 prato,

351 1929 383 1978 et
399 1923 472 1977 duas
500 1941 582 1977 acras
610 1922 646 1976 dc
671 1929 751 1977 terra
776 1921 880 1977 arabili
906 1923 943 1977 ad
970 1923 1148 1979 ferramenta
1175 1923 1303 1979 emenda
1327 1926 1411 1997 equis

351 2008 483 2063 virorum
501 2008 717 2078 religiosorum,
737 2007 887 2078 hospitum
907 2007 1022 2062 seilicet
1038 2008 1315 2080 supervenientium
1327 2015 1358 2064 et
1370 2011 1411 2064 in·

352 2092 525 2162 digentium.
564 2091 755 2146 Ferramenta
765 2108 836 2146 vero
855 2098 885 2146 et
903 2091 1101 2147 emolumenta
1116 2109 1153 2146 ex
1170 2092 1317 2164 praedicta
1332 2100 1411 2148 tem

352 2177 553 2247 provenientia
570 2176 751 2246 recipientur
769 2181 799 2229 et
817 2174 1061 2231 administrentur
1077 2193 1131 2247 per
1149 2194 1256 2231 manus
1274 2176 1409 2232 monachi

353 2259 527 2315 hostillarii¹
540 2259 696 2329 religiosos
714 2260 794 2314 viros
813 2259 1004 2331 hospitandos
1023 2261 1223 2332 suscipientis.

388 2345 427 2400 Et
445 2351 479 2399 nt
496 2345 558 2398 hmo
577 2343 694 2398 donatio
712 2349 777 2397 rata
804 2349 834 2398 ct
860 2345 1031 2399 inconcussa
1048 2346 1079 2399 in
1096 2351 1274 2416 perpetuum
1299 2362 1408 2417 permn-

351 2435 428 2492 neat,
449 2446 513 2483 eum
530 2428 670 2499 presenti
688 2434 769 2482 carta
795 2432 825 2482 et
851 2428 944 2498 sigilli
968 2428 1026 2482 mei
1054 2429 1248 2500 impressione
1267 2430 1406 2483 munitam

351 2514 495 2575 roboravi,
516 2512 643 2567 lieberto
662 2511 907 2566 Franecheveller
935 2512 995 2566 filio
1022 2530 1097 2577 meo,
1118 2520 1149 2568 et
1166 2513 1333 2585 Olimpiade
1351 2513 1406 2567 filia

350 2598 492 2652 Willclmi
504 2597 746 2653 Franeehevaller
757 2596 810 2649 filii
828 2597 888 2650 mci
906 2597 1165 2664 consentientibus,
1186 2603 1218 2653 et
1234 2604 1403 2671 praesentem

350 2688 460 2738 cartam
479 2699 567 2755 super
585 2682 676 2737 altare
694 2681 779 2735 Beati
792 2681 874 2736 Petri
893 2680 1091 2738 efferentibus.

714 2895 836 2964 OOOL.
860 2897 911 2964 De
934 2897 1056 2965 eodem.

389 3043 490 3099 Sciant
506 3051 665 3115 presentes
692 3048 722 3098 et
747 3043 851 3105 futuri,
872 3043 952 3114 quod
979 3060 1034 3113 ego
1060 3042 1202 3114 Wymaro
1226 3042 1332 3099 relicta
1355 3043 1400 3098 Je-

287 3184 290 3192 ,
350 3128 454 3183 hamiis
474 3127 718 3183 Francehevaller
737 3127 805 3181 dedi
824 3133 855 3182 et
873 3128 1015 3190 concessi,
1037 3134 1067 3182 et
1084 3129 1223 3198 praesenti
1244 3135 1326 3184 carta
1342 3145 1401 3182 mee
1495 3149 1497 3154 ·

349 3213 519 3268 confirmavi
546 3212 617 3275 Dee,
638 3218 668 3266 et
695 3211 826 3266 ecelesias
846 3211 947 3267 Sanc-ti
969 3212 1052 3267 Petri
1075 3211 1280 3273 Gloucestrim,
1301 3218 1330 3267 et
1346 3230 1400 3266 mo·

243 3319 248 3329 ·
349 3297 450 3351 nachis
483 3296 590 3350 ibidem
622 3296 684 3350 Deo
706 3297 912 3361 servientibus,
938 3315 992 3368 pro
1012 3296 1107 3351 salute
1134 3297 1241 3351 animm
1267 3315 1348 3362 mem,
1373 3304 1400 3350 et

349 3399 402 3451 pro
426 3381 579 3436 animabus
605 3381 697 3452 patris
723 3387 753 3435 et
781 3382 883 3435 matris
903 3398 985 3445 mem,
1006 3385 1036 3436 et
1054 3381 1164 3435 demini
1185 3381 1244 3436 mei
1266 3381 1400 3437 Johannis

348 3464 621 3528 Fruunocheva-ller,
636 3471 667 3519 et
679 3464 821 3520 Willclmi
842 3463 895 3517 filii
913 3464 982 3528 mei,
996 3470 1027 3518 et
1044 3483 1097 3535 pro
1110 3464 1265 3520 animabus
1278 3466 1400 3520 omnium

348 3557 502 3619 parentum
529 3566 671 3612 meorum,
700 3548 729 3602 in
755 3548 888 3612 liberam,
915 3566 1029 3618 puram,
1056 3554 1085 3602 et
1110 3554 1285 3619 perpetuam
1302 3549 1401 3603 elemo-

349 3634 452 3697 sinam,
473 3640 584 3687 terram
606 3650 694 3703 quem
718 3633 775 3686 emi
797 3632 832 3685 de
851 3631 951 3687 Watio
975 3650 1044 3687 coeo
1063 3633 1092 3686 in
1112 3631 1300 3703 Longesorde
1319 3650 1400 3704 qnam

348 3717 515 3771 Willelmus
535 3718 613 3771 filius
628 3716 751 3771 Siwnrdi
766 3717 861 3771 tenuit
879 3716 915 3769 de
934 3734 1000 3782 me;
1021 3717 1135 3771 seilicet
1154 3715 1311 3787 (prat[u]0r
1325 3735 1401 3771 acras

348 3801 384 3853 de
403 3808 495 3870 prate,
510 3808 540 3856 et
558 3802 630 3855 duas
649 3818 730 3855 acras
750 3801 786 3853 (le
804 3808 884 3855 terra
900 3800 1016 3855 arabili.
1055 3801 1201 3856 Redditus
1220 3809 1320 3857 autem
1337 3801 1400 3855 inde

347 3886 550 3953 prevenientes
569 3886 715 3953 assignavi
736 3884 772 3938 ad
791 3886 914 3940 emenda
932 3887 1109 3942 ferr-amente
1126 3904 1272 3959 equorum
1284 3886 1321 3942 ad
1333 3904 1400 3958 opus

348 3968 496 4038 hospitum
516 3969 792 4041 supervenientium.
831 3970 899 4025 Hiis
918 3970 1053 4026 testibus.

662 4144 804 4210 eoem.
828 4144 916 4228 Μ
1053 4142 1090 4231 ].²

385 4275 485 4330 Sciant
503 4283 661 4346 praesentes
688 4285 717 4332 el
744 4279 846 4342 futuri,
870 4278 948 4348 quod
975 4296 1031 4349 ogo
1057 4278 1202 4333 Ricardus
1224 4278 1401 4335 Peuneeloth

349 4360 432 4413 miles
446 4359 579 4414 dominus
599 4363 634 4415 <le
653 4360 876 4432 Ha[r]sefelde²
894 4363 996 4418 remisi
1009 4369 1039 4417 et
1059 4364 1192 4434 quietum
1205 4365 1340 4423 clamari.
1354 4382 1403 4437 pro

602 4496 732 4501 --.-.-...
909 4498 1089 4505 ---———

384 4569 551 4635 ¹Iroslillorii]
570 4571 769 4627 hostilluridlffl.
873 4573 875 4601 i
931 4578 941 4604 ³
960 4573 1124 4639 Hursqselde]
1157 4575 1188 4623 ln
1211 4574 1255 4623 tbe
1278 4573 1337 4623 MS.
1363 4573 1403 4622 the

381 4650 433 4697 '·'A
446 4652 512 4699 word
524 4651 568 4699 hes
580 4653 641 4700 been
654 4655 738 4701 erased
750 4653 808 4702 here
823 4655 847 4701 in
872 4682 875 4731 Ι
899 4651 966 4699 third
985 4652 1058 4700 letter
1077 4651 1108 4698 cf
1123 4649 1176 4699 this
1191 4650 1262 4699 word
1279 4649 1325 4699 hes
1343 4650 1402 4699 been

349 4730 390 4778 the
401 4729 458 4779 Ms.
898 4732 993 4780 erased.
