3158 5610
226 1213 264 1267 uf
272 1214 331 1263 laud
341 1213 369 1263 in

225 1279 327 1345 Furley.

394 808 460 868 244
677 813 925 864 claramnium
946 810 1157 861 uoaasraau

729 1074 877 1140 CLXIV.
902 1073 952 1138 Dc
976 1070 1109 1139 occilit.

431 1200 532 1258 Sciant
558 1206 718 1273 praesentes
738 1206 768 1255 et
794 1199 897 1263 futuri,
931 1198 1010 1269 quod
1032 1215 1087 1269 ego
1111 1194 1270 1258 Honricus,
1296 1193 1391 1249 abbas
1421 1206 1455 1247 et

394 1291 553 1341 conventus
574 1284 674 1341 Sancti
695 1284 777 1340 Petri
803 1283 1006 1346 Gloucostrim,
1031 1280 1228 1337 concessimus
1254 1278 1392 1334 Waltero
1412 1275 1451 1331 dc

395 1369 508 1434 Crossli,
523 1387 576 1441 pro
589 1370 710 1425 servitio
728 1375 759 1424 ct
775 1369 913 1439 homagio
926 1386 989 1431 suo,
1008 1374 1101 1422 totam
1112 1371 1222 1421 terram
1234 1362 1273 1419 de
1285 1360 1454 1433 Farenleyc

393 1472 461 1509 cum
486 1453 621 1509 omnibus
645 1454 830 1525 pertinentiis
860 1453 922 1509 suis
953 1469 1041 1523 qnam
1068 1448 1213 1505 Ricardus
1237 1454 1326 1520 pater
1356 1445 1454 1517 ipsius

393 1537 431 1590 W
431 1537 517 1592 alteri
529 1538 640 1603 tenuit;
666 1536 821 1592 tenendam
842 1537 878 1590 de
899 1535 983 1591 uobis
1001 1535 1032 1590 in
1051 1534 1135 1589 feodo
1155 1540 1186 1589 ct
1205 1531 1381 1588 haereditate
1394 1529 1454 1584 sibi

393 1627 423 1674 et
448 1621 612 1676 haeredibus
637 1622 699 1676 suis
725 1622 754 1674 in
781 1629 968 1693 perpetuum,
1002 1618 1096 1673 libero
1120 1626 1150 1673 et
1175 1618 1276 1688 quieta
1300 1614 1341 1669 ab
1370 1612 1450 1668 omni

323 1729 325 1732 ·
393 1705 513 1760 servitio
531 1704 569 1759 ad
582 1723 634 1759 nos
652 1705 826 1777 pertinente.
847 1723 900 1776 pro
920 1704 1033 1759 duabus
1055 1704 1162 1758 marcis
1182 1710 1214 1757 et
1231 1699 1360 1755 dimidia
1378 1714 1453 1770 quas

393 1788 476 1842 nobis
495 1789 645 1844 annuatim
658 1796 784 1860 quatuor
802 1790 936 1844 torminis
949 1787 1106 1861 persolvet,
1119 1786 1269 1850 videlicet,
1284 1785 1324 1839 ad
1342 1784 1453 1838 sermm

394 1872 493 1927 Sancti
512 1872 666 1928 Michaelis
692 1880 758 1929 octo
776 1874 886 1928 solidos
906 1879 937 1928 et
960 1880 1085 1943 quatuor
1109 1870 1254 1931 denarios.
1274 1869 1313 1924 ad
1340 1868 1451 1922 festum

393 1956 493 2011 Sancti
511 1958 637 2013 Andreas
655 1966 721 2013 octo
739 1958 848 2013 solidos
866 1964 897 2013 ot
915 1965 1039 2028 (quatuor
1056 1956 1201 2021 denarios,
1221 1954 1260 2009 ad
1279 1952 1452 2007 Annuncia·

390 2041 501 2095 tionem
526 2042 625 2096 Beatre
644 2042 747 2096 Marica
775 2050 840 2097 octo
859 2042 969 2096 solidos
993 2047 1025 2096 ct
1049 2046 1174 2112 quatuor
1192 2037 1344 2101 denarios,
1364 2042 1396 2091 ct
1413 2032 1450 2089 ad

392 2124 500 2179 fastum
519 2126 617 2180 Sancti
645 2125 788 2180 Johamris
813 2126 956 2196 Baptista
980 2131 1046 2180 octo
1076 2124 1185 2179 solidos
1203 2128 1234 2178 et
1253 2127 1384 2193 quatuor
1401 2119 1451 2173 de·

391 2208 498 2262 uarios.
536 2208 700 2264 Prsudietus
719 2227 789 2263 vcro
807 2209 956 2264 Waltcrus
965 2208 1167 2279 juramentum
1184 2206 1270 2261 nobis
1288 2204 1449 2277 prmstitit3

392 2292 470 2361 quod
487 2290 583 2346 fidelis
601 2293 658 2347 erit
681 2293 813 2348 ecclesia
843 2298 950 2347 nostrra
977 2292 1014 2346 da
1039 2290 1178 2346 solvendo
1202 2288 1324 2345 redditu
1348 2294 1450 2343 nostro

390 2374 540 2445 plenaric;
560 2382 590 2430 ct
616 2376 694 2447 quod
711 2376 884 2447 praedictcm
901 2384 1011 2430 terram
1035 2393 1129 2445 ncquc
1150 2373 1269 2437 vendet,
1294 2369 1450 2444 nequead

391 2458 483 2512 alium
501 2458 598 2513 locam
616 2460 769 2529 religionis
783 2460 846 2515 sinc
865 2478 987 2515 assensu
1004 2467 1104 2514 nostro
1123 2458 1304 2523 transferet;
1325 2462 1358 2511 et
1370 2454 1448 2527 quod

392 2559 446 2597 ncc
471 2548 566 2596 artam
592 2559 646 2597 nec
672 2544 825 2614 ingenium
854 2545 989 2616 exquiret
1014 2542 1091 2597 undo
1117 2541 1221 2598 domus
1256 2546 1362 2595 nostra
1395 2556 1448 2611 per

393 2631 529 2679 tenuram
550 2644 634 2680 suam
652 2626 791 2681 damnum
809 2628 952 2683 incurrat.

427 2710 464 2763 In
482 2711 566 2780 cujus
586 2710 628 2764 roi
646 2713 848 2766 testimonium
865 2729 995 2783 prrascns
1021 2710 1172 2782 scriptum,
1192 2708 1294 2779 sigillo
1313 2708 1448 2763 ccclesia

389 2800 498 2849 nostra
510 2795 666 2859 munitum,
680 2796 777 2851 diviso
794 2796 935 2851 internos
954 2796 1146 2867 cyrographo
1167 2794 1194 2848 ei
1212 2792 1404 2855 tralidimus,
1418 2798 1450 2846 et

388 2878 512 2933 alteram
536 2885 650 2949 partem
676 2880 853 2951 cyrographi
879 2880 978 2951 sigillo
1004 2878 1158 2934 memorati
1182 2877 1309 2935 Waltcri
1328 2876 1447 2931 robora·

388 2968 457 3026 tam,
477 2979 567 3033 panos
585 2981 638 3018 nos
656 2965 842 3019 retinuimus.

704 3198 832 3264 CLXV.
856 3197 905 3264 Dc
923 3196 1125 3265 Gracchana.

220 3327 289 3379 Λ,Ι).
304 3335 376 3382 1148.
425 3325 526 3381 Sciant
537 3331 697 3396 praesentes
711 3335 741 3382 et
758 3327 862 3391 futuri,
877 3328 954 3399 quod
968 3345 1023 3398 ego
1036 3328 1140 3382 Helias
1153 3325 1314 3389 Gill'ardus,
1336 3325 1445 3381 donari

219 3400 248 3442 -l
256 3399 310 3446 179.

220 3460 259 3509 Os
265 3462 324 3513 land
337 3464 364 3514 in

220 3525 356 3581 cannam.

387 3409 450 3464 Dco
469 3416 500 3465 et
517 3411 649 3465 ecclesiia
669 3410 769 3466 Sancti
788 3411 871 3466 Petri
891 3418 921 3467 et
944 3412 1101 3466 Hamclino
1125 3410 1222 3465 abbati
1242 3416 1273 3464 ct
1289 3411 1447 3466 monachis

387 3494 591 3559 Gloucestriao,
606 3513 660 3565 pro
679 3495 774 3550 salute
788 3495 893 3549 animai
911 3514 994 3559 meze,
1009 3503 1039 3551 et
1050 3497 1149 3551 uxoris
1161 3512 1245 3559 mere,
1260 3502 1291 3549 et
1309 3495 1446 3549 omnium

387 3584 605 3633 antecessorum
635 3585 666 3634 et
693 3596 897 3633 successorum
927 3597 1068 3643 meorum,
1100 3579 1219 3650 propria
1249 3596 1340 3632 manu
1377 3596 1447 3633 mea

389 3681 480 3734 super
497 3662 590 3717 altare
616 3662 716 3717 Sancti
742 3663 835 3728 Petri,
855 3670 948 3718 totam
965 3670 1076 3718 terram
1094 3680 1189 3717 meam
1209 3661 1245 3715 de
1273 3661 1446 3716 Crauclram

384 3747 541 3802 tenendam
560 3753 591 3801 ct
607 3746 814 3817 possidendam
836 3747 906 3818 juro
930 3756 1071 3818 perpetuo
1094 3747 1126 3801 in
1150 3746 1343 3800 elemosinam
1368 3746 1446 3800 libe·

385 3848 449 3884 ram
467 3839 497 3885 et
516 3830 647 3903 quietam
665 3831 702 3885 ab
720 3831 800 3886 omni
819 3832 940 3886 servitio
964 3850 1031 3885 cum
1050 3830 1184 3885 omnibus
1202 3829 1240 3884 ud
1264 3847 1331 3883 cam
1350 3831 1446 3900 perti·

384 3914 521 3968 uentibus
535 3916 566 3968 in
584 3915 673 3968 terris
687 3918 717 3968 ct
734 3913 819 3984 aquis
838 3920 869 3969 ct
879 3915 1065 3971 molendinis,
1078 3914 1171 3985 pratis
1190 3922 1220 3967 et
1237 3914 1369 3985 pascuis,
1384 3914 1445 3968 viis

385 4002 415 4051 ct
439 3998 563 4059 semitis,
583 4004 614 4052 ct
633 3998 768 4052 omnibus
788 3997 855 4051 aliis
874 3998 963 4053 rebus
982 3999 1014 4051 in
1031 3998 1119 4052 bosco
1142 4004 1173 4053 ct
1198 3996 1295 4068 plano,
1317 4003 1446 4068 excepto

383 4079 472 4136 bosco
492 4083 529 4136 de
549 4082 722 4146 Bakcholte‚
736 4082 821 4151 cujus
839 4088 954 4152 partem
971 4089 1055 4153 pater
1075 4100 1159 4136 meus
1177 4081 1260 4151 prius
1279 4080 1447 4137 donaverat

272 4181 287 4207 ›-
383 4172 552 4220 memoratre
573 4165 716 4223 eeclesiae.
731 4165 808 4236 quod
820 4166 986 4220 remanebit
1003 4164 1112 4219 harodi
1129 4182 1204 4219 meo.
1243 4163 1355 4219 Abbati
1369 4184 1445 4219 vcro

383 4254 414 4303 ct
443 4250 594 4304 monachis
622 4250 785 4304 remanebit
810 4256 872 4305 tota
895 4250 1071 4304 Alrecnmbo
1099 4267 1166 4303 cum
1191 4248 1336 4320 praedicta
1360 4256 1445 4305 terra

383 4331 420 4385 de
446 4332 620 4397 Crancham‚
648 4339 679 4387 ot
697 4333 819 4388 servitio
844 4342 931 4388 terras
958 4351 1045 4405 quam
1071 4332 1183 4403 Helyas
1214 4332 1241 4385 le
1273 4332 1374 4403 Droys
1413 4342 1445 4389 ct

382 4414 531 4471 Walterus
557 4416 593 4470 dc
620 4414 787 4471 Aldebernc
811 4422 913 4472 tenent
937 4417 973 4472 do
1000 4417 1101 4472 eadem
1125 4416 1206 4471 villa.
1245 4416 1332 4470 Hanc
1351 4416 1445 4473 dona·

381 4498 492 4553 tionem
511 4500 566 4554 sub
584 4499 637 4554 tali
656 4499 859 4567 distinction03
896 4501 975 4572 qnod
999 4501 1104 4556 tenebo
1131 4499 1303 4571 praedictam
1327 4507 1442 4555 terram

381 4586 444 4635 tota
461 4584 523 4637 vita
540 4601 606 4637 nica
624 4584 648 4637 si
668 4586 798 4639 voluero.
846 4585 922 4639 Cum
945 4602 1016 4641 vero
1039 4585 1201 4648 decessero,
1226 4582 1274 4639 vol
1300 4583 1442 4639 habiturn

381 4672 544 4732 mutavero,
564 4667 703 4723 transibit
728 4669 757 4722 in
783 4670 998 4739 possessionem
1026 4677 1056 4724 et
1073 4670 1188 4741 plenam
1206 4668 1442 4724 dominationem

381 4750 530 4818 pradinas
566 4750 707 4806 ecelesia.
758 4752 873 4809 Donavi
901 4772 1017 4825 quoquc
1052 4752 1259 4823 memetipsum
1284 4753 1441 4823 prandictru
