3158 5610
475 774 654 823 arsurum
677 774 721 820 ro
746 773 1014 822 txmonvtrtox.
1153 757 1273 820 lxxxix

213 941 327 995 usim
344 941 376 995 in
393 941 473 996 dicto
483 942 615 996 manerio
626 941 664 995 de
682 941 882 1007 Stanedische‚
903 961 956 1012 per
975 962 1063 1014 quam
1076 945 1273 1014 comperimus

213 1025 406 1080 elemosinam
424 1025 604 1091 defrandari,
624 1026 754 1081 totaliter
774 1027 964 1082 subtrahatur
992 1044 1025 1083 ut
1049 1028 1157 1082 melius
1176 1029 1273 1082 valeat

213 1109 378 1164 elemosina
395 1111 566 1165 sustentarit

252 1191 485 1257 Quium-docimo,
506 1193 585 1264 quod
604 1193 764 1248 secundum
782 1193 995 1248 ordinationem
1014 1210 1143 1249 vestram
1162 1194 1274 1263 singuli

213 1276 323 1330 fratres
335 1277 479 1348 recipiant
491 1278 527 1330 de
540 1295 656 1332 camera
667 1278 796 1331 tunicam
810 1279 936 1347 spissam
948 1294 978 1332 et
992 1294 1120 1340 tenuem,
1134 1278 1273 1348 pelliceas

213 1372 247 1409 et
264 1355 396 1426 pedules,
417 1358 542 1411 stamina
560 1365 591 1412 et
609 1358 769 1420 femoralia,
786 1358 898 1428 caligas
911 1359 1022 1428 spissas
1041 1374 1071 1412 et
1088 1372 1191 1413 tenues
1210 1361 1273 1411 sine

213 1440 397 1503 difficultate,
418 1440 579 1496 secundum
596 1440 713 1495 modum
734 1443 888 1511 antiquum
914 1460 981 1497 cum
1007 1441 1044 1495 de
1071 1460 1172 1496 eorum
1198 1442 1273 1496 indi·

215 1524 339 1595 guerint
364 1526 536 1590 mutatione,
558 1526 689 1579 froccum
713 1542 784 1579 vero
803 1538 834 1579 et
858 1525 1004 1580 cucullam
1030 1525 1120 1579 semel
1149 1525 1274 1595 quilibet

214 1609 255 1663 ad
272 1610 371 1664 minus
383 1610 507 1680 recipiet
525 1627 578 1680 per
596 1628 714 1673 annum,
724 1609 853 1679 jornalia
865 1606 1062 1663 calceamenta
1074 1609 1151 1662 infru
1165 1627 1273 1662 anuum

215 1706 247 1748 ct
272 1692 430 1747 dimidium
448 1694 540 1748 semel
570 1693 722 1764 recipiant,
751 1708 782 1748 et
812 1693 888 1747 iufra
914 1694 1044 1763 quinque
1074 1711 1164 1747 annos
1191 1694 1273 1747 botas

215 1777 365 1841 falcatas,
378 1778 460 1848 traria
471 1776 668 1847 langellorum
687 1778 717 1830 in
736 1790 841 1846 quarto
859 1795 935 1831 anno
948 1776 985 1831 ad
1004 1777 1100 1830 minus
1119 1777 1272 1847 recipiant.

217 1860 380 1915 Duodecim
399 1862 488 1916 etiam
506 1861 689 1931 coopertoria
708 1861 840 1930 quolibet
864 1879 949 1924 anuo,
970 1867 1001 1914 e't
1026 1861 1183 1914 materaria
1202 1878 1273 1931 quo·

215 1946 293 1999 tiens
310 1963 432 1999 necesse
453 1946 544 1998 suerit
571 1947 647 1999 inter
674 1946 830 1999 monachos
858 1944 924 2015 plus
953 1945 996 1998 eis
1023 1945 1188 2014 indigentes
1213 1950 1273 1998 tam

216 2029 296 2083 intra
330 2047 419 2100 quam
449 2044 533 2083 extra
568 2046 621 2099 per
656 2030 852 2082 camerarium
888 2029 1113 2091 distribuantur,
1145 2021 1274 2098 exceptis

216 2113 323 2167 abbate
340 2128 372 2168 et
388 2113 496 2184 priore,
511 2113 561 2183 qui
580 2122 701 2183 propter
722 2113 861 2166 honorem
879 2114 1051 2167 monasterii
1073 2113 1180 2182 saepius
1193 2124 1274 2182 pote·

217 2212 287 2251 runt
305 2212 429 2251 mutare.
467 2196 506 2250 Et
524 2196 562 2249 ad
580 2195 819 2250 distributionem
837 2196 957 2250 illorum
975 2197 1087 2267 priores
1107 2208 1274 2249 scrutentur

218 2280 286 2351 quis
304 2281 401 2351 magis
419 2279 565 2350 indigebit
587 2280 726 2350 adjuncto
744 2281 787 2334 eis
806 2281 967 2334 camerario
986 2280 1035 2350 qui
1064 2297 1118 2350 per
1144 2279 1274 2333 rotulum

219 2382 307 2418 suum
324 2365 380 2419 hoe
399 2366 509 2435 poterit·
532 2363 646 2418 docere.
685 2364 803 2417 Pannus
829 2364 1005 2434 coopertorii
1032 2365 1071 2417 sit
1096 2362 1133 2416 de
1159 2376 1274 2417 rosseto
1355 2424 1360 2431 ,

218 2458 249 2502 et
265 2466 325 2502 non
342 2448 464 2503 alterius
483 2447 599 2502 eoloris.
643 2447 763 2501 Penulte
783 2447 843 2501 sint
860 2448 985 2516 agninae,
1005 2448 1152 2511 catullus,
1171 2446 1218 2500 vel
1237 2446 1274 2499 de

218 2531 373 2586 cuniculis.
410 2532 449 2586 Et
468 2531 561 2585 forma
580 2531 732 2586 incisionis
751 2546 781 2585 et
799 2531 939 2584 suiciouis
958 2546 1018 2585 tam
1038 2531 1273 2584 indumentorum

220 2633 309 2685 quam
329 2614 592 2669 calceamentorum
620 2615 660 2669 sit
685 2632 743 2668 nna
768 2614 877 2685 ubique
904 2614 981 2669 inira
1007 2616 1218 2668 monasterium
1245 2622 1275 2668 et

219 2710 313 2753 extra.
358 2698 397 2753 Et
422 2716 539 2768 semper
564 2698 741 2769 recipientes
768 2715 845 2751 nova
870 2698 954 2767 prius
980 2698 1139 2751 restituant
1163 2710 1273 2761 vetera,

219 2782 351 2852 exceptis
386 2782 513 2853 pelliciis
544 2794 575 2836 et
604 2780 721 2852 pedulis
752 2799 817 2850 quar
847 2780 885 2834 ad
915 2780 1038 2834 liberam
1075 2781 1274 2851 erogationem

220 2866 345 2919 fratrum
363 2865 400 2919 de
420 2865 540 2919 licentia
558 2865 743 2935 superiorum
756 2882 871 2934 semper
889 2878 1103 2919 consueverunt
1114 2882 1274 2919 remanere.

218 2949 379 3004 Prot-idest
402 2949 524 3019 insuper
541 2948 720 3002 camerarius
738 2965 775 3001 ne
800 2948 972 3004 indumenta
989 2950 1048 3005 aiut
1072 2949 1161 3003 nimis
1180 2962 1273 3004 turta.

220 3034 333 3095 stricta,
353 3032 402 3085 vel
420 3032 501 3093 vilia,
521 3046 555 3086 ut
573 3033 605 3085 in
622 3032 758 3086 omnibus
776 3031 868 3085 honor
894 3033 1065 3087 monasterii
1091 3034 1272 3087 observetur.

219 3116 351 3172 Careant
393 3117 513 3186 insuper
550 3116 656 3169 fratres
692 3133 728 3168 ne
759 3115 816 3170 sibi
847 3115 973 3171 liberata
1002 3116 1163 3171 dilacerant
1193 3126 1257 3171 extr

219 3200 349 3263 modum,
363 3199 416 3254 sed
434 3200 476 3253 eis
495 3200 615 3253 honeste
633 3210 762 3253 utantur.
783 3198 815 3252 Si
834 3216 932 3253 autem
951 3201 1057 3255 fratres
1075 3201 1111 3255 ab
1126 3201 1275 3272 aliquibus

219 3285 323 3339 amicis
352 3284 518 3354 acceperint
536 3283 584 3336 vel
614 3282 670 3336 sibi
701 3283 883 3352 providerint
911 3283 1031 3353 aliquod
1061 3284 1273 3348 indumentum,

219 3367 279 3422 tale
292 3369 332 3422 sit
350 3367 428 3438 quod
446 3367 483 3420 ab
502 3366 569 3420 aliis
587 3384 606 3419 a
623 3366 785 3420 camerario
804 3366 936 3420 liberatis
958 3368 987 3420 in
1007 3368 1094 3423 modo
1112 3369 1272 3429 incisionis,

219 3451 425 3513 eonsuieionis
445 3466 476 3505 et
501 3450 608 3504 coloris
635 3467 694 3503 non
721 3449 868 3520 discrepet
892 3450 953 3504 ullo
980 3452 1076 3506 modo.
1114 3453 1178 3506 Hos
1200 3452 1274 3505 duos

220 3535 362 3590 articulos
384 3534 420 3588 de
439 3533 644 3587 elemosinaria
661 3546 692 3587 et
710 3533 746 3587 de
765 3551 889 3593 camera.
910 3535 966 3588 sub
985 3554 1070 3606 poena
1087 3535 1207 3605 majoris
1225 3553 1272 3588 ex·

220 3619 494 3673 communicationis
520 3636 609 3688 quam
633 3617 771 3672 similiter
796 3636 907 3672 exnunc
927 3619 957 3672 in
975 3619 1225 3673 contravenientes
1244 3619 1274 3672 in

219 3704 278 3757 hiis
298 3702 417 3773 scriptis
435 3701 621 3772 proferimus,
642 3700 777 3756 districte
795 3702 983 3773 praecipimus
1002 3701 1160 3755 observari.

256 3785 463 3847 Serio-decium,
484 3783 562 3855 quod
579 3785 751 3839 hostilarius
769 3803 885 3855 semper
902 3803 1003 3840 curam
1021 3798 1105 3855 gerat
1122 3783 1160 3837 de
1177 3784 1275 3856 hospi·

220 3869 302 3924 tibus
319 3884 351 3923 et
368 3870 493 3922 maxime
512 3867 662 3938 religiosis
681 3878 714 3923 ut
734 3869 855 3923 honeste
875 3869 1073 3939 suscipiantur
1090 3882 1121 3921 et
1138 3868 1276 3939 diligenti

221 3971 294 4008 cura
310 3952 468 4007 honorifice
487 3959 681 4023 procurentur
693 3952 723 4005 in
735 3952 897 4006 hostilaria.
932 3952 964 4006 Si
976 3969 1047 4005 vero
1064 3951 1158 4022 aliqui
1170 3954 1275 4008 fratres

220 4037 313 4092 vestri
325 4036 436 4091 ordinis
455 4037 497 4091 ita
514 4038 688 4107 tempestive
706 4037 842 4091 venerint
861 4036 940 4106 quod
957 4034 995 4089 ad
1013 4036 1276 4111 mensamabbatis

220 4121 269 4174 rel
287 4119 457 4174 infirmarias
474 4119 590 4173 valeant
608 4120 771 4190 procurari,
792 4120 830 4174 ad
842 4137 943 4173 eorum
969 4118 1073 4173 solatia
1096 4120 1205 4173 ibidem
1224 4120 1276 4173 du·

220 4218 334 4260 emtori
392 4203 424 4258 si
455 4220 526 4257 vero
555 4203 669 4256 tardius
704 4204 839 4257 venerint
868 4203 1023 4258 comedant
1052 4204 1082 4257 in
1111 4204 1273 4268 hostilaria,

220 4289 329 4360 quibus
347 4288 490 4343 curialem
512 4287 683 4341 hostilarius
711 4287 799 4340 saciat
824 4287 991 4342 eomitivam
1016 4288 1145 4342 cumeis
1164 4288 1276 4342 edendo

220 4386 252 4427 et
280 4371 406 4426 bibendo
436 4372 461 4426 si
492 4372 632 4442 temporis
657 4372 858 4442 opportunitas
884 4373 1060 4442 permiserit.
1098 4373 1138 4427 Et
1164 4390 1200 4426 ne
1225 4372 1276 4426 de·

221 4456 332 4511 sectum
350 4456 381 4508 in
399 4455 499 4525 aliquo
516 4454 665 4526 patiantur
683 4455 873 4525 praecipiatur
896 4454 1060 4511 districtius
1079 4456 1276 4510 subcelerario

221 4554 252 4594 et
269 4539 440 4610 coquinario
458 4539 552 4593 dictos
570 4539 700 4609 hospites
719 4539 849 4593 visitare.
888 4538 928 4593 Et
944 4557 991 4602 ne,
1011 4539 1089 4593 sicut
1106 4540 1276 4609 contingere

221 4624 307 4688 solet,
328 4642 383 4695 per
399 4624 551 4678 ministros
576 4622 738 4678 servientes
757 4623 866 4677 ibidem
885 4622 1009 4678 liberata
1032 4639 1087 4692 pro
1111 4622 1276 4693 hospitibus
