3158 5610
383 719 449 782 250
674 730 923 783 occurremus
945 731 1156 784 nounsrmm

381 914 509 972 anatum,
534 907 692 978 pullorum,
711 907 807 971 luctis,
828 912 858 962 ct
880 908 968 972 casei,
988 912 1019 962 et
1045 923 1176 995 ovorpm,
1196 910 1227 962 at
1253 905 1444 962 estimantur

283 1020 287 1028 ·
381 993 461 1064 xviij.
482 993 601 1048 solidos.
642 993 718 1048 Item
737 992 862 1064 percipit
880 992 1041 1047 oblationes
1059 992 1097 1046 ad
1115 996 1241 1062 quatuor
1258 990 1443 1062 principales

381 1078 555 1133 festivitates
585 1095 638 1148 per
665 1095 782 1139 annum,
810 1082 840 1130 ct
870 1078 1053 1131 aestimantur
1077 1076 1167 1147 xxvij.
1195 1075 1313 1131 solidos.
1360 1074 1441 1130 Item

380 1163 504 1232 percipit
523 1180 622 1216 omnes
641 1162 714 1215 alias
733 1161 894 1216 oblationes
912 1179 966 1232 per
983 1178 1092 1216 aunum
1102 1160 1308 1232 provenientes
1328 1166 1391 1216 tem
1402 1160 1442 1215 de

380 1248 563 1318 sponsalibus
584 1244 638 1316 [ct]
665 1246 905 1309 confessionibus,
927 1263 1015 1315 quarn
1035 1244 1071 1299 da
1090 1246 1223 1316 exequiis
1242 1250 1439 1309 mortuorum,

381 1338 410 1385 ct
433 1332 499 1385 aliis
524 1331 755 1394 obventionibus,
782 1336 813 1383 et
836 1330 926 1383 ctiam
951 1327 1084 1399 qualibet
1113 1328 1161 1382 dic
1180 1327 1329 1384 dominica
1345 1346 1439 1383 unum

380 1416 540 1478 (lonearium,
551 1432 618 1469 eum
630 1412 881 1485 purificationibus
891 1412 1050 1467 mulierum
1058 1412 1166 1482 viginti
1180 1411 1300 1467 solidos.
1323 1412 1440 1468 Praeter

379 1496 440 1553 lise
459 1499 585 1570 percipit
602 1499 751 1552 annuatim
770 1498 843 1551 duas
862 1510 985 1561 mareas,
1006 1502 1037 1552 et
1054 1497 1143 1551 habet
1160 1496 1315 1551 dimidiam
1339 1512 1439 1553 acram

379 1588 464 1637 terrm
484 1583 520 1636 od
541 1583 749 1636 construendas
768 1580 868 1635 domos
895 1598 973 1635 suas.
1011 1580 1089 1634 Item
1107 1579 1234 1651 percipit
1258 1579 1439 1635 oblationem

378 1749 495 1804 solidos.
533 1750 610 1804 Item
622 1749 748 1819 percipit
759 1748 838 1819 apud
850 1748 1007 1818 Bullegam
1019 1748 1123 1802 tamin
1136 1746 1284 1802 dominico
1303 1764 1394 1817 quam
1405 1749 1437 1803 in

378 1834 499 1887 decimis
518 1833 655 1887 dominici
675 1832 758 1896 laruae,
780 1831 841 1895 lini,
858 1850 1010 1903 agnorum,
1032 1831 1202 1897 vitulorum,
1223 1832 1435 1902 purcellorum,

378 1936 526 1979 :tuom-um,
547 1922 674 1981 anatum,
695 1916 852 1986 pallorum,
874 1916 967 1980 luctis,
988 1917 1076 1980 casei,
1091 1933 1221 1979 ovorum,
1242 1916 1436 1979 oblationum,

379 2021 466 2071 ‹prom
498 2002 627 2054 omnium
657 2001 783 2054 aliorum
804 2018 926 2055 coenum
960 2018 1012 2071 per
1041 2016 1158 2064 annum,
1193 2007 1223 2055 et
1250 2000 1437 2054 aestimantur

379 2086 459 2155 vj.li.
489 2102 551 2154 ips.
573 2085 653 2156 vj.d.
707 2085 807 2139 Habet
836 2085 925 2140 stiram
954 2084 1018 2156 viij.
1051 2103 1133 2140 acras
1161 2085 1199 2141 ad
1224 2084 1436 2140 inveniendum

379 2177 549 2226 crassatum.
589 2169 711 2224 Summa
728 2169 766 2223 xi.
777 2169 807 2223 li.
826 2170 866 2241 vj.
879 2188 902 2224 s.
922 2188 950 2222 x.
964 2169 993 2225 d.

505 2474 704 2543 CLXXVII.
729 2474 777 2541 Dc
799 2474 936 2542 ecclesie
958 2475 998 2542 tle
1022 2472 1302 2542 Ulciroltcbammc.

208 2681 352 2735 A.l).1231
409 2671 563 2726 Urrivcrsis
589 2670 701 2726 Christi
728 2671 862 2726 fidelibus
889 2671 926 2726 ad
951 2690 1024 2743 quos
1051 2689 1179 2744 praescna
1199 2672 1343 2744 scriptum
1368 2690 1434 2745 pcr-

207 2755 299 2800 4234.
373 2757 496 2819 venerit,
525 2756 616 2826 Hugo
644 2755 769 2819 Folioth,
802 2754 858 2810 Dei
882 2756 979 2826 gratia
1008 2756 1234 2812 Herefordcnsis
1265 2756 1432 2828 episcopua,

207 2816 304 2932 glsuffi
332 2885 347 2933 f
374 2836 575 2910 R[adulphus]
605 2839 829 2901 decumanum
852 2845 914 2895 toto
941 2841 1070 2911 capitulo
1088 2839 1284 2906 Herefordiae,
1304 2841 1433 2897 salutem

207 2900 343 3000 Chim&
374 2926 405 2980 in
423 2925 466 2977 llo
486 2925 536 2994 qrri
556 2931 602 2978 cat
619 2922 700 2978 Vera
718 2923 814 2978 Salus.

206 3018 257 3065 and
268 3017 359 3069 others,
408 3007 456 3061 Ad
474 3007 608 3063 notitiam
620 3016 749 3061 vestram
761 3007 896 3061 volumus
911 3008 1065 3078 pervenire
1083 3006 1162 3079 quod
1179 3026 1231 3064 nos
1249 3007 1431 3079 inspeximus

206 3099 347 3150 Confirma-
372 3092 581 3162 transcriptum
612 3090 766 3160 cujusdam
795 3100 883 3145 cartae
914 3092 996 3145 borne
1026 3092 1175 3146 memoria>
1205 3093 1431 3164 praedecessoris

206 3166 259 3244 119ss
271 3167 300 3215 ΟΥ
309 3168 351 3217 1¹¹⁰
372 3176 463 3230 nostri
502 3173 625 3229 Gerardi
662 3172 808 3243 quondum
838 3174 1064 3230 Herefordensis
1101 3176 1239 3247 episcopi,
1275 3186 1306 3231 et
1341 3177 1431 3232 etium

204 3234 294 3349 ll‘sslrffl‘l'
302 3235 337 3350 ἕ
373 3262 463 3314 totius
482 3259 574 3312 nostri
594 3258 715 3329 capituli
736 3257 790 3312 sub
809 3258 909 3328 sigillo
928 3259 1010 3313 bonae
1029 3260 1176 3314 memoriae
1190 3260 1327 3332 Symouis
1341 3280 1432 3333 quon·

260 3317 300 3350 lo
333 3340 339 3350 '
372 3346 439 3396 dam
459 3342 680 3413 Wygorniensis
706 3342 844 3411 episcopi,
874 3343 1051 3397 montionem
1078 3362 1214 3414 expresse
1239 3344 1374 3399 facientis
1399 3364 1430 3400 se

372 3435 483 3483 curtum
502 3425 672 3497 pradictum
692 3425 853 3496 inspexisse
872 3426 946 3479 banc
966 3427 1088 3481 formam
1107 3428 1320 3484 continentem:

204 3494 272 3544 AD·
287 3500 359 3547 ¹¹⁰⁰·
479 3510 621 3565 Omnibus
659 3508 773 3562 Sancta
804 3509 909 3564 Matris
939 3511 1072 3565 ccclesia
1102 3511 1171 3565 filiis
1207 3512 1282 3566 hanc
1318 3517 1429 3567 cartam

204 3561 292 3677 ‹sffl
442 3602 572 3650 nostram
598 3594 773 3663 inspecturis
800 3594 848 3646 vel
872 3593 1027 3657 audituris,
1060 3594 1218 3659 Gerardus,
1250 3595 1307 3649 Dei
1332 3597 1430 3665 gratia

275 3667 281 3678 ’
442 3678 667 3735 Hercsordensis
687 3677 851 3748 episcopus,
865 3677 990 3732 sanson
1008 3678 1040 3732 in
1051 3678 1095 3732 Eo
1109 3680 1160 3749 qui
1179 3683 1225 3734 cat
1241 3676 1323 3735 Vera
1341 3680 1428 3736 Salus

211 3822 213 3827 ¹
442 3780 613 3818 arianarum.

203 3841 294 3893 s-lssb.
477 3843 670 3901 Universituti
688 3849 794 3898 vestrae
816 3849 917 3899 uotum
943 3844 1067 3900 facimus
1086 3862 1139 3917 per
1157 3854 1327 3918 praesentes,
1349 3849 1427 3919 quod

441 3949 503 3993 nos,
525 3948 598 3984 anuo
617 3929 721 3998 matisc
739 3928 896 3983 millesimo
913 3930 1082 3994 centesimo,
1097 3930 1163 3985 idus
1183 3930 1203 3985 J
1205 3930 1267 3996 ulii,
1283 3950 1343 3986 una
1360 3950 1428 3987 cum

440 4013 656 4069 venerabilibus
681 4013 820 4067 fratribus
845 4011 952 4068 nostris
978 4013 1102 4069 dominis
1122 4014 1281 4086 Sampsouc
1300 4014 1426 4088 Wygor·

353 4089 357 4098 ¹
440 4100 543 4163 nicusi,
574 4098 722 4152 Gundulso
747 4097 885 4162 Rodiensi,
912 4105 942 4153 et
965 4099 1084 4154 Herveo
1110 4100 1314 4171 Bangorncnsi
1332 4103 1427 4173 coepi·

439 4183 544 4253 scopis
583 4181 757 4234 dedicationi
793 4188 823 4234 ct
858 4182 1068 4237 consecrationi
1104 4184 1235 4239 ccclesiae
1266 4185 1427 4241 Beatornm

438 4265 645 4337 Apostolorum
664 4264 745 4317 Petri
765 4270 795 4318 ct
813 4264 898 4318 Ponli
918 4284 1006 4336 qua-m
1029 4269 1206 4324 reverendus
1232 4270 1321 4325 abbas
1342 4270 1426 4325 Serlo

438 4352 468 4405 in
498 4349 571 4403 villa
606 4348 796 4402 Gloucestriro
828 4358 1039 4415 construxerat,
1072 4358 1201 4407 nostram
1238 4357 1425 4425 praeentiam

437 4434 524 4488 simul
547 4439 576 4485 et
595 4431 799 4494 ministerium,
821 4450 888 4486 curn
907 4434 983 4488 omui
1014 4453 1072 4507 (pra
1089 4438 1239 4508 potuimus
1258 4437 1425 4495 exhibuisse

437 4517 597 4569 devotione.
642 4515 681 4568 Et
712 4515 781 4585 quia
811 4515 868 4570 loci
899 4519 1014 4589 pruufrati
1041 4527 1202 4576 conventus
1233 4523 1424 4594 quamplures

436 4601 576 4661 defectus,
597 4604 631 4651 ut
648 4598 679 4650 iu
697 4601 872 4655 ornamentis
892 4602 1022 4658 ccclesiae
1041 4612 1072 4659 et
1089 4606 1156 4660 aliis
1175 4605 1232 4660 sibi
1249 4608 1425 4664 necessariis

437 4682 611 4753 patiebatur,
631 4699 693 4746 nos,
713 4682 820 4739 divina
839 4685 970 4744 enitatis
989 4687 1098 4745 intuitu
1110 4688 1244 4763 praedicti
1262 4698 1423 4750 conventus
