3158 5610
503 1088 752 1157 CCCLXVIII.
775 1088 825 1156 De
849 1088 970 1156 eodem.

246 1239 348 1296 Sciunt
366 1245 526 1312 praeacutas
544 1248 575 1295 et
592 1240 695 1301 futuri,
715 1239 794 1311 quod
811 1256 867 1309 cgo
885 1239 1064 1294 Eustachius
1082 1239 1188 1303 Rufus,
1208 1258 1261 1311 pro
1274 1247 1313 1298 Os
1320 1248 1363 1298 the

210 1326 306 1381 salute
324 1326 429 1379 animas
446 1342 520 1379 meas
538 1334 569 1379 ct
592 1324 722 1378 omnium
747 1334 965 1378 antecessorum
984 1342 1126 1389 meorum,
1146 1324 1214 1380 dedi
1232 1337 1261 1381 ct
1273 1330 1348 1365 ¹¹¹¹*-

209 1410 341 1465 comessi
355 1409 427 1473 Deo,
441 1418 471 1464 et
489 1408 622 1463 ccclesias
636 1408 737 1463 Sancti
752 1408 834 1462 Petri
848 1407 1050 1471 Glouccstriae,
1065 1424 1095 1464 et
1112 1411 1262 1464 monachis

210 1494 321 1550 ibidem
345 1494 408 1549 Deo
434 1493 642 1555 servientibus,
670 1493 700 1546 iu
728 1493 861 1558 liberam,
889 1511 1004 1565 puram,
1032 1500 1062 1549 ct
1091 1508 1263 1566 perpetuam

210 1579 411 1642 elemosinam,
442 1578 596 1633 dimidiam
625 1578 774 1648 virgatam
804 1590 893 1632 tcrrae
923 1579 953 1632 iu
984 1578 1167 1634 Lcttrintonc
1197 1597 1264 1633 cum

209 1663 395 1736 pertinentiis
414 1663 486 1723 anis.
507 1663 589 1717 illam
601 1663 717 1717 scilicet
734 1680 822 1732 quam
841 1662 1009 1717 Willclmua
1027 1664 1064 1717 de
1080 1663 1264 1720 Lettrintoue

211 1747 295 1804 dedit
312 1747 385 1803 mihi
403 1765 457 1818 pro
475 1747 613 1817 homagio
630 1761 660 1801 ct
679 1747 800 1802 servitio
824 1764 900 1809 meo,
921 1762 951 1802 ct
978 1765 1065 1802 unam
1089 1748 1263 1811 cotiandam,

212 1835 294 1889 illam
313 1833 428 1888 scilicet
446 1851 534 1904 quam
553 1832 728 1904 liudulphus
747 1831 783 1886 de
807 1832 971 1903 Hcmputtc
995 1833 1092 1888 tcuuit
1114 1851 1181 1888 curn
1200 1851 1265 1904 pcr-

211 1919 344 1975 tinentiis
355 1941 363 1982 ;
383 1916 523 1972 tenc-udas
541 1930 571 1971 ct
583 1916 730 1971 habendas
748 1918 812 1972 sinc
824 1916 923 1987 aliquo
935 1924 1143 1979 rctcncmcnto‚
1158 1918 1264 1972 liberas

212 2012 242 2059 ei
269 2004 383 2074 quietas
409 2002 446 2056 ab
470 2003 548 2056 omni
575 2002 696 2056 servitio
717 2016 748 2056 ct
771 2001 905 2056 saculari
930 2000 1073 2055 demanda
1091 2001 1128 2054 au
1146 2019 1193 2055 me
1218 2002 1264 2055 vel

212 2087 249 2143 ad
268 2085 400 2141 itaertdes
426 2103 505 2140 moos
533 2086 708 2156 pervincum,
727 2085 809 2139 salvo
832 2084 927 2155 regali
953 2092 983 2139 ct
1001 2085 1135 2156 capitalis
1154 2086 1265 2140 domini

213 2171 344 2231 serv-irio.
364 2182 394 2224 ct
420 2169 502 2224 salva
525 2176 629 2224 tenura
652 2168 776 2223 Walteri
801 2169 855 2222 filii
880 2167 1002 2224 Bobcrti
1026 2168 1063 2224 de
1082 2169 1265 2224 Lcttrintouc

212 2270 244 2311 et
261 2255 411 2309 hzcredum
429 2271 549 2308 snorum
567 2254 619 2325 qui
638 2254 808 2325 machetam
832 2253 985 2307 dimidiam
1008 2254 1154 2324 virgatam
1179 2264 1265 2309 terrae

213 2356 244 2397 ct
261 2340 431 2413 praedictam
443 2338 609 2394 cotiaudam
623 2340 692 2409 jure
710 2338 896 2393 haereditario
914 2338 951 2392 dc
969 2356 1016 2393 me
1034 2350 1201 2394 tcnucrunt.
1279 2344 1365 2395 [100.

250 2424 412 2480 Beddcndo
436 2424 504 2479 inde
529 2425 679 2478 annuatim
702 2436 828 2494 quatuor
852 2423 961 2478 solidos
981 2423 1018 2477 ad
1037 2424 1146 2478 festum
1165 2423 1265 2479 Sancti

214 2510 381 2565 Michaclis.
426 2510 492 2579 Ego
516 2526 586 2563 vero
610 2509 787 2564 Eustachius
809 2522 838 2563 ct
857 2509 988 2563 haercdcs
1012 2509 1069 2563 ruci
1096 2509 1265 2580 praedictam

214 2594 368 2651 dimidiam
393 2595 540 2665 virgatam
564 2610 652 2648 terra»
676 2608 705 2648 ct
729 2592 900 2665 pradictatn
925 2593 1089 2648 cotiandam
1114 2611 1182 2647 cum
1200 2612 1265 2665 pcr-

213 2680 347 2735 tinentiis
377 2679 440 2733 euis
468 2677 617 2748 pra-dictis
642 2678 790 2734 monachis
818 2692 919 2733 contra
944 2695 1044 2733 omncs
1074 2678 1206 2733 homiucs
1236 2685 1266 2733 ct

214 2765 348 2818 stammas
366 2761 628 2818 warantizabimus.

251 2846 288 2903 In
305 2846 403 2919 bujm,
423 2854 478 2904 etc.

530 3075 738 3143 CCCLXIX.
763 3074 811 3141 De
835 3076 953 3143 codem.

253 3229 353 3284 Sciant
382 3240 540 3299 praesentes
571 3236 601 3280 ct
631 3225 733 3288 futuri,
766 3226 844 3296 quod
870 3245 926 3297 ego
951 3227 1128 3284 Eustachius
1159 3230 1265 3295 Rufus,
1281 3233 1369 3286 Orthe

215 3331 338 3368 assensu
375 3326 404 3365 ct
441 3329 584 3365 conscnsu
620 3308 771 3364 haeredum
807 3328 948 3375 meorum,
981 3313 1048 3367 dedi
1077 3324 1107 3368 ct
1137 3317 1354 3370 couccssiflffl‘·

215 3398 347 3452 Waltcro
365 3397 426 3450 filio
444 3395 565 3449 Robcrti
590 3394 626 3448 dc
645 3393 837 3455 Lettrintouc‚
857 3412 910 3464 pro
935 3396 1072 3467 homagio
1093 3414 1123 3453 ct
1147 3401 1268 3453 scrvitio

218 3500 282 3541 suo.
301 3492 392 3535 totam
411 3480 492 3534 illam
511 3494 620 3533 terram
645 3495 733 3547 quam
751 3476 918 3531 Willclmus
939 3480 976 3532 dc
995 3480 1176 3535 Iscttrintonc
1195 3484 1267 3536 rrrihi

216 3566 299 3621 dedit
325 3583 379 3636 pro
405 3564 542 3634 homagio
569 3576 600 3617 ct
626 3561 748 3616 servitio
774 3576 839 3614 meo
869 3561 900 3614 in
929 3561 1122 3627 Lettriutoue,
1155 3567 1269 3621 scilicet

216 3662 308 3706 totam
333 3648 415 3702 illam
438 3647 592 3701 dimidiam
615 3646 762 3714 virgatam
789 3658 886 3707 tcrrae,
912 3662 979 3699 curn
999 3648 1184 3717 pertinentiis
1206 3650 1268 3704 suia

215 3732 360 3793 omnibus.
381 3748 469 3803 quam
488 3729 660 3801 Radulphns
684 3728 721 3782 dc
742 3727 904 3798 Hemputtc
928 3730 1040 3793 tenum
1060 3732 1217 3787 teucndam
1238 3742 1270 3789 ct

216 3817 380 3873 habendam
400 3816 468 3885 jure
488 3814 684 3875 haereditario,
705 3812 761 3866 eibi
780 3820 810 3866 ct
828 3811 995 3867 haredibue
1013 3814 1086 3877 suis,
1106 3815 1143 3869 dc
1168 3834 1214 3870 mc
1238 3824 1270 3872 et

216 3901 383 3956 heredibus
411 3899 495 3961 meis,
515 3897 645 3969 pacifice,
665 3896 768 3961 libere,
797 3908 829 3952 et
853 3897 952 3968 quiete
980 3897 1017 3952 ab
1043 3900 1122 3953 omni
1147 3903 1269 3957 servitio

217 3994 249 4042 ct
265 3986 303 4040 ab
320 3985 399 4039 omni
418 3983 577 4038 exactione.

253 4068 413 4124 Reddenda
431 4067 499 4122 inde
516 4065 668 4121 annuat-im
686 4064 759 4119 mihi
777 4078 809 4120 ct
825 4064 993 4121 haeredibus
1014 4067 1098 4133 meis,
1119 4088 1172 4141 pro
1195 4089 1269 4142 prae-

216 4157 306 4211 dictis
324 4156 412 4211 tcrris
436 4172 504 4208 curn
527 4152 806 4224 pertinentiarum,
826 4161 953 4222 quatuor
972 4154 1080 4209 solidos
1098 4156 1137 4210 ad
1160 4158 1269 4214 festum

217 4241 319 4296 Sancti
337 4238 492 4294 Michaelis
511 4257 563 4310 pro
587 4238 666 4291 omni
691 4238 821 4300 servitio,
842 4237 924 4291 salvo
948 4239 1043 4308 regali
1062 4242 1193 4296 servitio.
1231 4244 1270 4299 Et

216 4325 368 4381 sciendum
386 4338 432 4378 cst
450 4322 527 4394 qnod
545 4340 601 4391 ego
620 4336 650 4375 et
674 4321 805 4375 haeredes
828 4319 902 4376 mei¹
922 4323 1177 4379 warantizabimus
1195 4328 1270 4383 hanc

217 4410 403 4466 donationem
426 4422 458 4464 ct
481 4407 699 4463 concessionem
725 4406 866 4477 praedicto
893 4406 1024 4462 Waltcro
1048 4418 1079 4464 ct
1103 4409 1270 4468 hareditas

414 4688 515 4739 'Atre
526 4690 573 4737 aei
582 4688 608 4736 in
619 4688 663 4739 the
674 4687 731 4738 MS.
744 4688 767 4739 it
778 4688 887 4738 inmas
898 4690 942 4741 the
953 4691 1026 4742 letter
1040 4692 1073 4742 G.
