3158 5610
374 802 439 871 312
662 820 912 872 esarammun
934 823 1144 874 nonasrmn

375 995 462 1050 nlrlms
482 1006 512 1050 et
530 995 660 1051 mornachi
676 995 867 1051 Glaucestrine
880 995 1005 1051 habeant
1022 1003 1053 1050 et
1070 1002 1187 1051 teneant
1198 995 1358 1051 Estleeche
1371 1013 1441 1051 (tum

375 1078 509 1133 omnibus
536 1079 718 1149 pertinentiis
743 1079 803 1134 suls
826 1079 857 1133 iu
880 1085 1065 1150 perpetuum,
1092 1079 1216 1134 liberam
1238 1086 1271 1135 et
1301 1079 1437 1151 quietam

375 1162 498 1216 abomni
518 1162 636 1216 servitio
649 1162 685 1217 de
698 1163 813 1234 Rogero
831 1162 936 1218 comite
949 1162 1143 1228 Herelordiae,
1162 1162 1249 1234 cnjus
1268 1181 1343 1217 avus
1364 1163 1438 1217 Ber·

375 1245 482 1300 raudus
505 1246 540 1300 de
556 1244 640 1299 Novo
660 1245 790 1301 Mereato
802 1246 888 1317 longe
908 1251 973 1300 ente
986 1245 1143 1300 donaverat
1160 1245 1335 1317 praedictam
1349 1246 1437 1300 Glae-

376 1328 498 1392 buriam,
525 1329 556 1383 in
579 1347 682 1399 puram
700 1336 730 1384 et
752 1336 921 1401 perpetuam
945 1329 1142 1394 elemosinam,
1172 1329 1306 1385 ecclesie
1331 1330 1438 1385 Sancti

377 1413 457 1467 Petri
470 1412 668 1469 Glouoestriae.
706 1413 853 1469 Walterus
873 1432 942 1467 vero
960 1424 990 1468 et
1009 1413 1140 1468 heredes
1154 1413 1201 1467 sui
1213 1418 1334 1469 teneant
1346 1413 1436 1468 Glos-

376 1497 543 1559 beniamin
561 1515 664 1567 puram
682 1504 712 1551 et
730 1504 900 1569 perpetuam
919 1497 1117 1561 elemosinam,
1137 1497 1169 1552 iu
1187 1506 1377 1569 perpetuum,
1398 1497 1436 1551 de

378 1599 425 1634 me
450 1587 479 1634 et
496 1580 661 1635 haeredibus
686 1581 777 1645 meis;
805 1581 936 1635 faciendo
960 1580 1027 1634 inde
1059 1580 1214 1635 servitium
1239 1581 1320 1653 quod
1350 1581 1437 1651 priua

377 1665 519 1719 lliciebant
542 1664 578 1718 de
602 1665 754 1719 Estlecchc
778 1683 845 1720 eum
870 1664 1052 1736 pertinentiis
1074 1664 1145 1719 suis.
1196 1664 1333 1720 Ecclesia
1364 1682 1437 1718 vero

375 1748 411 1802 de
431 1748 595 1811 Glasburia,
615 1767 683 1804 cum
701 1749 820 1819 capellis
839 1754 869 1802 et
888 1749 975 1803 terris
998 1755 1027 1803 et
1048 1748 1169 1803 decimis
1189 1754 1221 1802 et
1239 1748 1380 1803 ormribus
1399 1748 1437 1802 ad

374 1849 438 1885 eam
463 1832 683 1901 pertinentibus,
710 1831 952 1903 quemadmodum
979 1833 1061 1903 prius
1086 1840 1157 1894 erat,
1185 1832 1216 1886 in
1239 1832 1436 1902 dispositione

375 1916 578 1969 urenaehorum
603 1916 792 1971 Glaucestrim
811 1920 994 1987 permaneat3
1024 1923 1054 1970 et
1072 1915 1195 1969 ecclesia
1219 1915 1256 1968 de
1276 1915 1435 1970 Estlecehe

376 1999 404 2052 in
424 2017 511 2053 manu
530 2000 737 2054 monachorum
756 1999 940 2063 Malueram,
964 1999 1041 2054 sicut
1058 2000 1141 2070 prius
1159 1999 1310 2054 masiano.

410 2082 486 2150 Quia
502 2102 571 2137 vero
592 2085 666 2137 lianc
684 2083 902 2137 conventionem
921 2089 1014 2138 ratam
1033 2089 1063 2137 et
1084 2083 1286 2138 inconvulsam
1311 2101 1433 2136 manere

375 2165 448 2230 volo,
476 2168 612 2237 praesenti
637 2167 754 2236 scripto,
783 2167 875 2237 sigilli
900 2168 957 2220 mei
991 2167 1182 2237 impressione
1210 2168 1336 2231 memte,
1367 2186 1433 2223 eam

375 2250 523 2304 confirmo.
563 2250 632 2305 Hiis
651 2249 784 2304 test-ibus.

678 2469 908 2535 CCLXXVH.
932 2470 982 2534 lle
1005 2471 1124 2535 eodem.

408 2611 519 2666 Notum
540 2613 580 2666 sit
599 2612 733 2667 omnibus
753 2622 812 2666 tam
832 2611 1025 2682 praesentibus
1043 2629 1131 2682 quam
1144 2612 1265 2673 futuris,
1281 2613 1362 2682 quod
1376 2632 1433 2682 ego

375 2695 521 2749 Walterus
534 2695 569 2749 de
583 2695 721 2750 Olill'orde
742 2696 866 2750 concedo
885 2701 914 2750 et
926 2696 1063 2750 confirmo
1082 2695 1264 2750 escambium
1285 2696 1323 2750 de
1345 2697 1432 2751 (llas-

374 2779 458 2833 bnria
482 2786 512 2834 et
535 2779 571 2834 de
596 2779 734 2835 Estleche
761 2779 839 2851 quod
864 2780 1012 2835 Walterus
1037 2787 1119 2851 pater
1143 2798 1229 2835 meua
1262 2781 1336 2835 feeit
1362 2799 1431 2835 eum

371 2863 521 2919 Gileberto
534 2865 637 2920 abbate
656 2872 686 2920 et
698 2865 847 2919 monachis
861 2864 1062 2929 Gloucestriee,
1077 2865 1191 2921 scilicet
1203 2865 1283 2936 quod
1296 2865 1388 2920 abbas
1402 2876 1432 2921 et

371 2949 503 3002 urenaehi
518 2948 709 3003 Gloucestriae
722 2949 846 3003 habeant
864 2956 895 3002 et
913 2955 1029 3004 teneant
1042 2949 1196 3004 Estleeehe
1209 2967 1278 3004 cum
1292 2950 1430 3004 omnibns

370 3033 553 3101 pertinentiis
574 3034 635 3087 suis
649 3034 679 3086 in
695 3039 877 3103 perpetuum,
892 3032 1023 3097 liberam,
1039 3034 1173 3097 solutam,
1195 3040 1225 3087 et
1245 3033 1380 3103 ‹prietam
1393 3034 1430 3087 nb

370 3116 447 3168 enmi
469 3117 599 3178 servitio,
626 3116 662 3170 de
684 3115 849 3170 haeredibus
869 3115 990 3184 Rogerii
1017 3117 1131 3170 comitis
1156 3116 1344 3170 Herelortlim
1372 3118 1429 3171 sibi

371 3199 493 3253 invicem
506 3199 737 3253 succedentibus.
776 3199 840 3269 Ego
860 3206 957 3253 autem
979 3205 1009 3252 et
1028 3198 1159 3253 haeredes
1182 3200 1241 3252 inei
1259 3200 1429 3254 tenebimus

370 3283 396 3335 in
417 3289 591 3353 pmpetnum
616 3282 813 3345 Glnsburiam,
841 3301 928 3353 (piam
947 3282 1114 3337 Bernardus
1133 3283 1169 3336 de
1188 3282 1275 3337 Novo
1295 3283 1429 3338 lllerento

368 3367 525 3420 ‹lantwerat
547 3367 576 3420 in
596 3385 700 3437 perram
719 3376 749 3420 et
766 3372 937 3436 perpetuam
950 3366 1137 3420 elemosinam
1157 3366 1220 3420 Deo
1242 3374 1273 3420 et
1294 3368 1427 3421 ecelesiae

370 3451 468 3504 anm-n
480 3450 560 3504 Petri
575 3449 766 3503 Gloueestriee
786 3458 816 3502 et
834 3450 982 3502 monachis
1002 3450 1111 3503 ibidem
1130 3449 1192 3502 lleo
1214 3450 1425 3509 servientibm.

368 3534 403 3587 de
431 3535 546 3601 Rogare
578 3532 613 3585 de
639 3533 768 3594 'Phoevi;
795 3532 925 3586 l'aeiendo
956 3532 1023 3585 inde
1052 3533 1205 3587 sermidam
1237 3533 1317 3603 qued
1343 3550 1427 3605 pater·

367 3636 448 3671 inens
460 3619 543 3687 prius
555 3617 679 3671 faciebat
691 3615 726 3668 de
739 3616 876 3670 Estleehc
889 3635 956 3670 cmn
977 3617 1162 3686 pertinentiis
1175 3618 1247 3671 suis.
1288 3619 1426 3673 Ecclesia

366 3708 464 3753 nartem
485 3701 521 3754 dc
542 3699 709 3762 Glasburia,
734 3716 801 3753 eum
820 3701 940 3770 capellis
962 3705 992 3754 et
1011 3701 1098 3754 terris
1121 3712 1151 3754 et
1170 3700 1295 3755 decimis
1316 3710 1345 3755 et
1364 3721 1426 3755 ‹rnr-

366 3783 450 3837 nibus
479 3783 516 3836 nel
541 3801 604 3837 eam
624 3782 845 3852 pertinentibus,
876 3783 1118 3852 ‹premedmodnm
1151 3784 1232 3853 prius
1261 3787 1368 3847 liremt,
1397 3787 1426 3839 in

366 3885 453 3920 manu
474 3873 504 3920 et
529 3866 717 3936 dispositione
737 3866 942 3919 monachornm
964 3865 1155 3920 Gloueestrim
1177 3878 1368 3936 pe1·manent;
1396 3880 1426 3922 et

365 3951 488 4005 ecelesia
508 3951 544 4005 de
557 3949 719 4012 Estlecche,
734 3950 811 4003 sient
831 3950 913 4020 prius
934 3960 1005 4014 erat,
1020 3950 1049 4003 iu
1062 3950 1196 4005 manibus
1212 3952 1424 4006 moriae-horum

368 4033 536 4089 llalvernieo
555 4033 702 4087 consistat.

400 4117 474 4184 Quia
496 4135 566 4170 vero
590 4118 644 4171 hoe
670 4116 847 4170 escambium
872 4118 988 4170 lirinum
1018 4126 1048 4172 et
1072 4118 1276 4172 inconvulsum
1303 4139 1424 4173 inuuere

365 4201 438 4263 volo,
465 4201 601 4271 praesenti
630 4201 748 4270 scripte,
778 4199 871 4267 sigilli
897 4201 953 4253 mei
981 4201 1172 4270 impressione
1198 4203 1323 4266 munito,
1349 4204 1424 4258 illud

367 4286 513 4338 aninmo.
554 4285 622 4339 Illis
642 4285 775 4339 testibus.

655 4497 907 4564 CCLXXVHI.
933 4500 982 4562 lle
1005 4500 1124 4564 calam.

196 4613 266 4665 Al).
281 4622 351 4669 1144.
400 4621 509 4674 Notum
534 4624 573 4676 sit
600 4622 791 4691 praesentibus
816 4630 846 4675 et
870 4624 987 4686 suturis,
1018 4624 1095 4693 quod
1121 4644 1177 4694 ego
1207 4626 1356 4680 ll'alterus
1386 4629 1423 4682 tle

194 4692 285 4803 mm
366 4701 512 4768 Olill'orde,
539 4724 612 4759 annm
645 4705 681 4759 ab
705 4705 909 4761 Incarnutione
934 4707 1052 4761 Domini
1077 4707 1235 4763 millesimo
1260 4712 1424 4767 centesimo
