<?xml version="1.0" encoding="UTF-8"?>
<!DOCTYPE html PUBLIC "-//W3C//DTD XHTML 1.0 Transitional//EN"
    "http://www.w3.org/TR/xhtml1/DTD/xhtml1-transitional.dtd">
<html xmlns="http://www.w3.org/1999/xhtml" xml:lang="en" lang="en">
 <head>
  <title>
</title>
<meta http-equiv="Content-Type" content="text/html;charset=utf-8" />
  <meta name='ocr-system' content='tesseract 3.04.00' />
  <meta name='ocr-capabilities' content='ocr_page ocr_carea ocr_par ocr_line ocrx_word'/>
</head>
<body>
  <div class='ocr_page' id='page_1' title='image "./historiaetcartu00monagoog_0400.png"; bbox 0 0 3158 5610; ppageno 0'>
   <div class='ocr_carea' id='block_1_1' title="bbox 350 736 1120 799">
    <p class='ocr_par' dir='ltr' id='par_1_1' title="bbox 350 736 1120 799">
     <span class='ocr_line' id='line_1_1' title="bbox 350 736 1120 799; baseline -0.003 -1"><span class='ocrx_word' id='word_1_1' title='bbox 350 736 415 799; x_wconf 69' lang='lat'><strong>294</strong></span> <span class='ocrx_word' id='word_1_2' title='bbox 639 746 886 797; x_wconf 78' lang='lat' dir='ltr'><strong>caurumalun</strong></span> <span class='ocrx_word' id='word_1_3' title='bbox 908 746 1120 797; x_wconf 75' lang='lat' dir='ltr'><strong>uouasrann</strong></span> 
     </span>
    </p>
   </div>
   <div class='ocr_carea' id='block_1_2' title="bbox 224 918 1414 1984">
    <p class='ocr_par' dir='ltr' id='par_1_2' title="bbox 352 918 1414 1311">
     <span class='ocr_line' id='line_1_2' title="bbox 363 918 1412 992; baseline -0.002 -16"><span class='ocrx_word' id='word_1_4' title='bbox 363 923 494 985; x_wconf 88' lang='lat' dir='ltr'><strong>liberam,</strong></span> <span class='ocrx_word' id='word_1_5' title='bbox 515 938 628 992; x_wconf 89' lang='lat' dir='ltr'><strong>puram,</strong></span> <span class='ocrx_word' id='word_1_6' title='bbox 658 926 688 974; x_wconf 91' lang='lat' dir='ltr'><strong>et</strong></span> <span class='ocrx_word' id='word_1_7' title='bbox 712 925 884 990; x_wconf 86' lang='lat' dir='ltr'><strong>perpetuam</strong></span> <span class='ocrx_word' id='word_1_8' title='bbox 908 918 1118 986; x_wconf 69' lang='lat' dir='ltr'><strong>elemosinam</strong></span> <span class='ocrx_word' id='word_1_9' title='bbox 1146 920 1273 976; x_wconf 85' lang='lat' dir='ltr'><strong>tenenda</strong></span> <span class='ocrx_word' id='word_1_10' title='bbox 1295 924 1329 975; x_wconf 86' lang='lat' dir='ltr'><strong>et</strong></span> <span class='ocrx_word' id='word_1_11' title='bbox 1358 920 1412 975; x_wconf 90' lang='lat' dir='ltr'><strong>ha·</strong></span> 
     </span>
     <span class='ocr_line' id='line_1_3' title="bbox 355 1003 1414 1076; baseline -0.001 -16"><span class='ocrx_word' id='word_1_12' title='bbox 355 1005 450 1061; x_wconf 88' lang='lat' dir='ltr'><strong>banda</strong></span> <span class='ocrx_word' id='word_1_13' title='bbox 483 1005 540 1059; x_wconf 86' lang='lat' dir='ltr'><strong>sibi</strong></span> <span class='ocrx_word' id='word_1_14' title='bbox 568 1010 599 1058; x_wconf 92' lang='lat' dir='ltr'><strong>et</strong></span> <span class='ocrx_word' id='word_1_15' title='bbox 627 1003 758 1058; x_wconf 70' lang='lat' dir='ltr'><strong>ecelesia)</strong></span> <span class='ocrx_word' id='word_1_16' title='bbox 796 1021 867 1067; x_wconf 75' lang='lat' dir='ltr'><strong>sum,</strong></span> <span class='ocrx_word' id='word_1_17' title='bbox 898 1003 992 1057; x_wconf 85' lang='lat' dir='ltr'><strong>libere</strong></span> <span class='ocrx_word' id='word_1_18' title='bbox 1028 1010 1060 1059; x_wconf 85' lang='lat' dir='ltr'><strong>ct</strong></span> <span class='ocrx_word' id='word_1_19' title='bbox 1088 1004 1196 1075; x_wconf 82' lang='lat' dir='ltr'><strong>quiete,</strong></span> <span class='ocrx_word' id='word_1_20' title='bbox 1231 1005 1351 1076; x_wconf 82' lang='lat' dir='ltr'><strong>integre</strong></span> <span class='ocrx_word' id='word_1_21' title='bbox 1380 1010 1414 1059; x_wconf 89' lang='lat' dir='ltr'><strong>et</strong></span> 
     </span>
     <span class='ocr_line' id='line_1_4' title="bbox 354 1087 1411 1160; baseline -0.004 -15"><span class='ocrx_word' id='word_1_22' title='bbox 354 1090 521 1153; x_wconf 87' lang='lat' dir='ltr'><strong>honorifico,</strong></span> <span class='ocrx_word' id='word_1_23' title='bbox 542 1089 572 1142; x_wconf 93' lang='lat' dir='ltr'><strong>iu</strong></span> <span class='ocrx_word' id='word_1_24' title='bbox 590 1088 682 1160; x_wconf 85' lang='lat' dir='ltr'><strong>pratis</strong></span> <span class='ocrx_word' id='word_1_25' title='bbox 701 1093 732 1142; x_wconf 91' lang='lat' dir='ltr'><strong>et</strong></span> <span class='ocrx_word' id='word_1_26' title='bbox 748 1087 887 1158; x_wconf 79' lang='lat' dir='ltr'>pasturis,</span> <span class='ocrx_word' id='word_1_27' title='bbox 907 1087 939 1141; x_wconf 92' lang='lat' dir='ltr'><strong>in</strong></span> <span class='ocrx_word' id='word_1_28' title='bbox 955 1087 1012 1142; x_wconf 79' lang='lat' dir='ltr'><strong>viis</strong></span> <span class='ocrx_word' id='word_1_29' title='bbox 1031 1100 1062 1144; x_wconf 87' lang='lat' dir='ltr'><strong>et</strong></span> <span class='ocrx_word' id='word_1_30' title='bbox 1079 1088 1202 1154; x_wconf 87' lang='lat' dir='ltr'><strong>semitis,</strong></span> <span class='ocrx_word' id='word_1_31' title='bbox 1223 1089 1254 1143; x_wconf 92' lang='lat' dir='ltr'><strong>in</strong></span> <span class='ocrx_word' id='word_1_32' title='bbox 1271 1089 1411 1143; x_wconf 86' lang='lat' dir='ltr'><strong>omnibus</strong></span> 
     </span>
     <span class='ocr_line' id='line_1_5' title="bbox 352 1171 1411 1237; baseline -0.001 -9"><span class='ocrx_word' id='word_1_33' title='bbox 352 1174 424 1229; x_wconf 86' lang='lat' dir='ltr'><strong>locis</strong></span> <span class='ocrx_word' id='word_1_34' title='bbox 452 1182 482 1228; x_wconf 89' lang='lat' dir='ltr'><strong>et</strong></span> <span class='ocrx_word' id='word_1_35' title='bbox 507 1173 604 1237; x_wconf 90' lang='lat' dir='ltr'><strong>robus,</strong></span> <span class='ocrx_word' id='word_1_36' title='bbox 624 1188 691 1226; x_wconf 90' lang='lat' dir='ltr'><strong>oum</strong></span> <span class='ocrx_word' id='word_1_37' title='bbox 717 1171 852 1226; x_wconf 90' lang='lat' dir='ltr'><strong>omuibus</strong></span> <span class='ocrx_word' id='word_1_38' title='bbox 876 1171 1062 1227; x_wconf 80' lang='lat' dir='ltr'><strong>libertatibus</strong></span> <span class='ocrx_word' id='word_1_39' title='bbox 1080 1181 1111 1227; x_wconf 91' lang='lat' dir='ltr'><strong>et</strong></span> <span class='ocrx_word' id='word_1_40' title='bbox 1128 1172 1230 1229; x_wconf 89' lang='lat' dir='ltr'><strong>liboris</strong></span> <span class='ocrx_word' id='word_1_41' title='bbox 1251 1182 1411 1229; x_wconf 83' lang='lat' dir='ltr'><strong>consuctu-</strong></span> 
     </span>
     <span class='ocr_line' id='line_1_6' title="bbox 352 1257 479 1311; baseline -0.008 0"><span class='ocrx_word' id='word_1_42' title='bbox 352 1257 479 1311; x_wconf 82' lang='lat' dir='ltr'><strong>dinibus.</strong></span> 
     </span>
    </p>

    <p class='ocr_par' dir='ltr' id='par_1_3' title="bbox 352 1339 1411 1579">
     <span class='ocr_line' id='line_1_7' title="bbox 387 1339 1411 1411; baseline 0.003 -17"><span class='ocrx_word' id='word_1_43' title='bbox 387 1339 547 1394; x_wconf 88' lang='lat' dir='ltr'><strong>Roddeudo</strong></span> <span class='ocrx_word' id='word_1_44' title='bbox 564 1339 632 1393; x_wconf 89' lang='lat' dir='ltr'><strong>iudo</strong></span> <span class='ocrx_word' id='word_1_45' title='bbox 656 1339 806 1393; x_wconf 76' lang='lat' dir='ltr'><strong>annuatim</strong></span> <span class='ocrx_word' id='word_1_46' title='bbox 828 1339 986 1411; x_wconf 70' lang='lat' dir='ltr'><strong>saepedicto</strong></span> <span class='ocrx_word' id='word_1_47' title='bbox 1002 1339 1121 1395; x_wconf 90' lang='lat' dir='ltr'><strong>domino</strong></span> <span class='ocrx_word' id='word_1_48' title='bbox 1137 1358 1203 1395; x_wconf 88' lang='lat' dir='ltr'><strong>meo</strong></span> <span class='ocrx_word' id='word_1_49' title='bbox 1221 1340 1355 1396; x_wconf 85' lang='lat' dir='ltr'><strong>Boberto</strong></span> <span class='ocrx_word' id='word_1_50' title='bbox 1372 1342 1411 1397; x_wconf 88' lang='lat' dir='ltr'><strong>de</strong></span> 
     </span>
     <span class='ocr_line' id='line_1_8' title="bbox 352 1422 1411 1495; baseline 0.001 -16"><span class='ocrx_word' id='word_1_51' title='bbox 352 1424 498 1494; x_wconf 77' lang='lat' dir='ltr'><strong>lierkelay</strong></span> <span class='ocrx_word' id='word_1_52' title='bbox 517 1430 547 1479; x_wconf 90' lang='lat' dir='ltr'><strong>ct</strong></span> <span class='ocrx_word' id='word_1_53' title='bbox 563 1422 730 1478; x_wconf 73' lang='lat' dir='ltr'><strong>haeredibus</strong></span> <span class='ocrx_word' id='word_1_54' title='bbox 749 1423 811 1478; x_wconf 91' lang='lat' dir='ltr'><strong>suis</strong></span> <span class='ocrx_word' id='word_1_55' title='bbox 826 1441 915 1479; x_wconf 89' lang='lat' dir='ltr'><strong>unam</strong></span> <span class='ocrx_word' id='word_1_56' title='bbox 931 1423 1037 1478; x_wconf 89' lang='lat' dir='ltr'><strong>libram</strong></span> <span class='ocrx_word' id='word_1_57' title='bbox 1049 1424 1160 1495; x_wconf 79' lang='lat' dir='ltr'><strong>piperis</strong></span> <span class='ocrx_word' id='word_1_58' title='bbox 1172 1424 1251 1479; x_wconf 79' lang='lat' dir='ltr'><strong>infra</strong></span> <span class='ocrx_word' id='word_1_59' title='bbox 1260 1424 1411 1481; x_wconf 75' lang='lat' dir='ltr'><strong>nundinas</strong></span> 
     </span>
     <span class='ocr_line' id='line_1_9' title="bbox 352 1507 1410 1579; baseline 0.001 -16"><span class='ocrx_word' id='word_1_60' title='bbox 352 1507 513 1563; x_wconf 80' lang='lat' dir='ltr'><strong>Bristollim</strong></span> <span class='ocrx_word' id='word_1_61' title='bbox 543 1524 597 1579; x_wconf 90' lang='lat' dir='ltr'><strong>pro</strong></span> <span class='ocrx_word' id='word_1_62' title='bbox 627 1507 706 1561; x_wconf 92' lang='lat' dir='ltr'><strong>omui</strong></span> <span class='ocrx_word' id='word_1_63' title='bbox 737 1507 859 1563; x_wconf 86' lang='lat' dir='ltr'><strong>servitio</strong></span> <span class='ocrx_word' id='word_1_64' title='bbox 890 1513 921 1563; x_wconf 92' lang='lat' dir='ltr'><strong>et</strong></span> <span class='ocrx_word' id='word_1_65' title='bbox 950 1508 1160 1564; x_wconf 85' lang='lat' dir='ltr'><strong>consuetudine</strong></span> <span class='ocrx_word' id='word_1_66' title='bbox 1189 1515 1220 1565; x_wconf 92' lang='lat' dir='ltr'><strong>et</strong></span> <span class='ocrx_word' id='word_1_67' title='bbox 1256 1510 1410 1565; x_wconf 75' lang='lat' dir='ltr'><strong>exactione</strong></span> 
     </span>
    </p>

    <p class='ocr_par' dir='ltr' id='par_1_4' title="bbox 224 1591 1409 1746">
     <span class='ocr_line' id='line_1_10' title="bbox 224 1591 1409 1664; baseline 0 -17"><span class='ocrx_word' id='word_1_68' title='bbox 224 1604 229 1625; x_wconf 83' lang='lat'><em>&#39;</em></span> <span class='ocrx_word' id='word_1_69' title='bbox 262 1600 280 1633; x_wconf 77' lang='lat'><strong>’·</strong></span> <span class='ocrx_word' id='word_1_70' title='bbox 353 1592 497 1656; x_wconf 77' lang='lat' dir='ltr'><strong>soeculari,</strong></span> <span class='ocrx_word' id='word_1_71' title='bbox 525 1598 646 1662; x_wconf 88' lang='lat' dir='ltr'><strong>excepto</strong></span> <span class='ocrx_word' id='word_1_72' title='bbox 674 1592 796 1646; x_wconf 89' lang='lat' dir='ltr'><strong>servitio</strong></span> <span class='ocrx_word' id='word_1_73' title='bbox 825 1591 920 1663; x_wconf 80' lang='lat' dir='ltr'><strong>regali</strong></span> <span class='ocrx_word' id='word_1_74' title='bbox 948 1598 1089 1664; x_wconf 88' lang='lat' dir='ltr'><strong>quantum</strong></span> <span class='ocrx_word' id='word_1_75' title='bbox 1115 1592 1230 1649; x_wconf 86' lang='lat' dir='ltr'><strong>scilieet</strong></span> <span class='ocrx_word' id='word_1_76' title='bbox 1254 1593 1293 1648; x_wconf 87' lang='lat' dir='ltr'><strong>ad</strong></span> <span class='ocrx_word' id='word_1_77' title='bbox 1319 1611 1409 1648; x_wconf 74' lang='lat' dir='ltr'><strong>ursam</strong></span> 
     </span>
     <span class='ocr_line' id='line_1_11' title="bbox 352 1675 791 1746; baseline -0.002 -15"><span class='ocrx_word' id='word_1_78' title='bbox 352 1677 500 1745; x_wconf 78' lang='lat' dir='ltr'><strong>virgatam</strong></span> <span class='ocrx_word' id='word_1_79' title='bbox 517 1682 605 1730; x_wconf 83' lang='lat' dir='ltr'><strong>terrm</strong></span> <span class='ocrx_word' id='word_1_80' title='bbox 622 1675 791 1746; x_wconf 77' lang='lat' dir='ltr'><strong>pertinebit.</strong></span> 
     </span>
    </p>

    <p class='ocr_par' dir='ltr' id='par_1_5' title="bbox 351 1759 1410 1984">
     <span class='ocr_line' id='line_1_12' title="bbox 387 1759 1410 1832; baseline 0 -17"><span class='ocrx_word' id='word_1_81' title='bbox 387 1760 430 1815; x_wconf 92' lang='lat' dir='ltr'><strong>Ut</strong></span> <span class='ocrx_word' id='word_1_82' title='bbox 447 1760 541 1829; x_wconf 84' lang='lat' dir='ltr'><strong>igitur</strong></span> <span class='ocrx_word' id='word_1_83' title='bbox 558 1760 622 1815; x_wconf 79' lang='lat' dir='ltr'><strong>hmo</strong></span> <span class='ocrx_word' id='word_1_84' title='bbox 639 1776 706 1814; x_wconf 87' lang='lat' dir='ltr'><strong>mea</strong></span> <span class='ocrx_word' id='word_1_85' title='bbox 724 1759 842 1814; x_wconf 88' lang='lat' dir='ltr'><strong>donatio</strong></span> <span class='ocrx_word' id='word_1_86' title='bbox 860 1766 925 1814; x_wconf 88' lang='lat' dir='ltr'><strong>rata</strong></span> <span class='ocrx_word' id='word_1_87' title='bbox 943 1759 982 1814; x_wconf 89' lang='lat' dir='ltr'><strong>sit</strong></span> <span class='ocrx_word' id='word_1_88' title='bbox 1000 1765 1031 1814; x_wconf 90' lang='lat' dir='ltr'><strong>et</strong></span> <span class='ocrx_word' id='word_1_89' title='bbox 1048 1759 1229 1824; x_wconf 85' lang='lat' dir='ltr'><strong>inconvulsa,</strong></span> <span class='ocrx_word' id='word_1_90' title='bbox 1250 1779 1316 1816; x_wconf 88' lang='lat' dir='ltr'><strong>eam</strong></span> <span class='ocrx_word' id='word_1_91' title='bbox 1335 1780 1410 1832; x_wconf 72' lang='lat' dir='ltr'><strong>pra:-</strong></span> 
     </span>
     <span class='ocr_line' id='line_1_13' title="bbox 353 1841 1409 1914; baseline 0.001 -15"><span class='ocrx_word' id='word_1_92' title='bbox 353 1842 429 1899; x_wconf 86' lang='lat' dir='ltr'><strong>senti</strong></span> <span class='ocrx_word' id='word_1_93' title='bbox 447 1849 529 1899; x_wconf 86' lang='lat' dir='ltr'><strong>carta</strong></span> <span class='ocrx_word' id='word_1_94' title='bbox 554 1860 621 1898; x_wconf 89' lang='lat' dir='ltr'><strong>mea</strong></span> <span class='ocrx_word' id='word_1_95' title='bbox 640 1848 670 1897; x_wconf 91' lang='lat' dir='ltr'><strong>et</strong></span> <span class='ocrx_word' id='word_1_96' title='bbox 697 1842 791 1912; x_wconf 84' lang='lat' dir='ltr'><strong>sigilli</strong></span> <span class='ocrx_word' id='word_1_97' title='bbox 817 1841 874 1896; x_wconf 85' lang='lat' dir='ltr'><strong>mei</strong></span> <span class='ocrx_word' id='word_1_98' title='bbox 901 1843 1094 1914; x_wconf 80' lang='lat' dir='ltr'><strong>impressione</strong></span> <span class='ocrx_word' id='word_1_99' title='bbox 1119 1844 1300 1899; x_wconf 82' lang='lat' dir='ltr'><strong>confirmavi.</strong></span> <span class='ocrx_word' id='word_1_100' title='bbox 1338 1846 1409 1901; x_wconf 84' lang='lat' dir='ltr'><strong>Hiis</strong></span> 
     </span>
     <span class='ocr_line' id='line_1_14' title="bbox 351 1927 486 1984; baseline -0.022 0"><span class='ocrx_word' id='word_1_101' title='bbox 351 1927 486 1984; x_wconf 86' lang='lat' dir='ltr'><strong>testibus.</strong></span> 
     </span>
    </p>
   </div>
   <div class='ocr_carea' id='block_1_3' title="bbox 689 2111 1082 2178">
    <p class='ocr_par' dir='ltr' id='par_1_6' title="bbox 689 2111 1082 2178">
     <span class='ocr_line' id='line_1_15' title="bbox 689 2111 1082 2178; baseline 0 0"><span class='ocrx_word' id='word_1_102' title='bbox 689 2111 867 2178; x_wconf 71' lang='lat' dir='ltr'>CCXLIX</span> <span class='ocrx_word' id='word_1_103' title='bbox 891 2112 941 2178; x_wconf 86' lang='lat' dir='ltr'><strong>De</strong></span> <span class='ocrx_word' id='word_1_104' title='bbox 963 2112 1082 2178; x_wconf 77' lang='lat' dir='ltr'><strong>eodem</strong></span> 
     </span>
    </p>
   </div>
   <div class='ocr_carea' id='block_1_4' title="bbox 186 2258 1412 4184">
    <p class='ocr_par' dir='ltr' id='par_1_7' title="bbox 188 2258 1409 2338">
     <span class='ocr_line' id='line_1_16' title="bbox 188 2258 1409 2338; baseline 0.002 -19"><span class='ocrx_word' id='word_1_105' title='bbox 188 2258 276 2309; x_wconf 72' lang='lat' dir='ltr'><strong>(truie</strong></span> <span class='ocrx_word' id='word_1_106' title='bbox 392 2264 494 2322; x_wconf 78' lang='lat' dir='ltr'><strong>Sciant</strong></span> <span class='ocrx_word' id='word_1_107' title='bbox 511 2270 670 2338; x_wconf 68' lang='lat' dir='ltr'><strong>pressantes</strong></span> <span class='ocrx_word' id='word_1_108' title='bbox 696 2272 726 2321; x_wconf 92' lang='lat' dir='ltr'><strong>et</strong></span> <span class='ocrx_word' id='word_1_109' title='bbox 751 2266 854 2331; x_wconf 83' lang='lat' dir='ltr'><strong>futuri,</strong></span> <span class='ocrx_word' id='word_1_110' title='bbox 875 2265 954 2337; x_wconf 87' lang='lat' dir='ltr'><strong>quod</strong></span> <span class='ocrx_word' id='word_1_111' title='bbox 980 2283 1035 2337; x_wconf 83' lang='lat' dir='ltr'><strong>ego</strong></span> <span class='ocrx_word' id='word_1_112' title='bbox 1060 2265 1196 2335; x_wconf 80' lang='lat' dir='ltr'><strong>Rogerus</strong></span> <span class='ocrx_word' id='word_1_113' title='bbox 1223 2266 1260 2321; x_wconf 88' lang='lat' dir='ltr'><strong>de</strong></span> <span class='ocrx_word' id='word_1_114' title='bbox 1285 2266 1409 2338; x_wconf 84' lang='lat' dir='ltr'><strong>Fromp-</strong></span> 
     </span>
    </p>

    <p class='ocr_par' dir='ltr' id='par_1_8' title="bbox 186 2341 1412 3495">
     <span class='ocr_line' id='line_1_17' title="bbox 186 2341 1412 2422; baseline 0.001 -17"><span class='ocrx_word' id='word_1_115' title='bbox 186 2341 262 2377; x_wconf 60' lang='lat' dir='ltr'><strong>W·</strong></span> <span class='ocrx_word' id='word_1_116' title='bbox 356 2358 422 2405; x_wconf 89' lang='lat' dir='ltr'><strong>tono</strong></span> <span class='ocrx_word' id='word_1_117' title='bbox 449 2350 529 2405; x_wconf 90' lang='lat' dir='ltr'><strong>filins</strong></span> <span class='ocrx_word' id='word_1_118' title='bbox 554 2350 672 2406; x_wconf 88' lang='lat' dir='ltr'><strong>Osberti</strong></span> <span class='ocrx_word' id='word_1_119' title='bbox 697 2349 734 2404; x_wconf 86' lang='lat' dir='ltr'><strong>dc</strong></span> <span class='ocrx_word' id='word_1_120' title='bbox 759 2350 930 2417; x_wconf 79' lang='lat' dir='ltr'><strong>Pudisordo,</strong></span> <span class='ocrx_word' id='word_1_121' title='bbox 959 2369 1011 2422; x_wconf 90' lang='lat' dir='ltr'><strong>pro</strong></span> <span class='ocrx_word' id='word_1_122' title='bbox 1037 2350 1131 2406; x_wconf 88' lang='lat' dir='ltr'><strong>salute</strong></span> <span class='ocrx_word' id='word_1_123' title='bbox 1156 2350 1262 2405; x_wconf 80' lang='lat' dir='ltr'><strong>animm</strong></span> <span class='ocrx_word' id='word_1_124' title='bbox 1286 2369 1362 2405; x_wconf 71' lang='lat' dir='ltr'><strong>meur</strong></span> <span class='ocrx_word' id='word_1_125' title='bbox 1380 2366 1412 2407; x_wconf 83' lang='lat' dir='ltr'><strong>et</strong></span> 
     </span>
     <span class='ocr_line' id='line_1_18' title="bbox 356 2433 1409 2505; baseline 0 -16"><span class='ocrx_word' id='word_1_126' title='bbox 356 2435 487 2489; x_wconf 87' lang='lat' dir='ltr'><strong>omnium</strong></span> <span class='ocrx_word' id='word_1_127' title='bbox 505 2439 659 2504; x_wconf 90' lang='lat' dir='ltr'><strong>parentum</strong></span> <span class='ocrx_word' id='word_1_128' title='bbox 677 2450 819 2499; x_wconf 89' lang='lat' dir='ltr'><strong>meorum,</strong></span> <span class='ocrx_word' id='word_1_129' title='bbox 839 2442 870 2490; x_wconf 92' lang='lat' dir='ltr'><strong>et</strong></span> <span class='ocrx_word' id='word_1_130' title='bbox 892 2453 946 2505; x_wconf 92' lang='lat' dir='ltr'><strong>pro</strong></span> <span class='ocrx_word' id='word_1_131' title='bbox 966 2435 1064 2489; x_wconf 88' lang='lat' dir='ltr'><strong>anima</strong></span> <span class='ocrx_word' id='word_1_132' title='bbox 1081 2433 1191 2489; x_wconf 87' lang='lat' dir='ltr'><strong>domini</strong></span> <span class='ocrx_word' id='word_1_133' title='bbox 1209 2434 1269 2489; x_wconf 89' lang='lat' dir='ltr'><strong>mei</strong></span> <span class='ocrx_word' id='word_1_134' title='bbox 1286 2435 1409 2490; x_wconf 86' lang='lat' dir='ltr'><strong>Ricardi</strong></span> 
     </span>
     <span class='ocr_line' id='line_1_19' title="bbox 355 2518 1410 2590; baseline 0 -17"><span class='ocrx_word' id='word_1_135' title='bbox 355 2519 392 2574; x_wconf 90' lang='lat' dir='ltr'><strong>do</strong></span> <span class='ocrx_word' id='word_1_136' title='bbox 411 2518 550 2573; x_wconf 80' lang='lat' dir='ltr'><strong>(llillorde</strong></span> <span class='ocrx_word' id='word_1_137' title='bbox 568 2518 622 2573; x_wconf 88' lang='lat' dir='ltr'><strong>lilii</strong></span> <span class='ocrx_word' id='word_1_138' title='bbox 640 2518 764 2573; x_wconf 88' lang='lat' dir='ltr'><strong>Walteri</strong></span> <span class='ocrx_word' id='word_1_139' title='bbox 783 2518 819 2574; x_wconf 92' lang='lat' dir='ltr'><strong>de</strong></span> <span class='ocrx_word' id='word_1_140' title='bbox 848 2518 996 2584; x_wconf 82' lang='lat' dir='ltr'><strong>Oliffordc,</strong></span> <span class='ocrx_word' id='word_1_141' title='bbox 1022 2519 1091 2574; x_wconf 85' lang='lat' dir='ltr'><strong>dedi</strong></span> <span class='ocrx_word' id='word_1_142' title='bbox 1114 2526 1144 2575; x_wconf 92' lang='lat' dir='ltr'><strong>et</strong></span> <span class='ocrx_word' id='word_1_143' title='bbox 1167 2519 1307 2590; x_wconf 66' lang='lat' dir='ltr'><strong>praesenti</strong></span> <span class='ocrx_word' id='word_1_144' title='bbox 1329 2530 1410 2574; x_wconf 72' lang='lat' dir='ltr'><strong>aurai</strong></span> 
     </span>
     <span class='ocr_line' id='line_1_20' title="bbox 356 2602 1408 2675; baseline -0.001 -17"><span class='ocrx_word' id='word_1_145' title='bbox 356 2621 422 2658; x_wconf 92' lang='lat' dir='ltr'><strong>mea</strong></span> <span class='ocrx_word' id='word_1_146' title='bbox 439 2602 609 2658; x_wconf 83' lang='lat' dir='ltr'><strong>confirmavi</strong></span> <span class='ocrx_word' id='word_1_147' title='bbox 627 2602 657 2657; x_wconf 91' lang='lat' dir='ltr'><strong>in</strong></span> <span class='ocrx_word' id='word_1_148' title='bbox 675 2603 809 2667; x_wconf 91' lang='lat' dir='ltr'><strong>liberam,</strong></span> <span class='ocrx_word' id='word_1_149' title='bbox 829 2621 943 2674; x_wconf 90' lang='lat' dir='ltr'><strong>puram,</strong></span> <span class='ocrx_word' id='word_1_150' title='bbox 964 2610 994 2658; x_wconf 89' lang='lat' dir='ltr'><strong>ct</strong></span> <span class='ocrx_word' id='word_1_151' title='bbox 1011 2613 1182 2675; x_wconf 88' lang='lat' dir='ltr'><strong>perpetuam</strong></span> <span class='ocrx_word' id='word_1_152' title='bbox 1206 2604 1408 2669; x_wconf 84' lang='lat' dir='ltr'><strong>elemosinam,</strong></span> 
     </span>
     <span class='ocr_line' id='line_1_21' title="bbox 356 2686 1409 2743; baseline 0 -2"><span class='ocrx_word' id='word_1_153' title='bbox 356 2687 419 2742; x_wconf 91' lang='lat' dir='ltr'><strong>Deo</strong></span> <span class='ocrx_word' id='word_1_154' title='bbox 438 2695 468 2743; x_wconf 93' lang='lat' dir='ltr'><strong>et</strong></span> <span class='ocrx_word' id='word_1_155' title='bbox 485 2687 617 2743; x_wconf 73' lang='lat' dir='ltr'><strong>ccclesiae</strong></span> <span class='ocrx_word' id='word_1_156' title='bbox 636 2686 736 2743; x_wconf 82' lang='lat' dir='ltr'><strong>Sancti</strong></span> <span class='ocrx_word' id='word_1_157' title='bbox 754 2686 837 2742; x_wconf 85' lang='lat' dir='ltr'><strong>Patri</strong></span> <span class='ocrx_word' id='word_1_158' title='bbox 856 2686 1049 2743; x_wconf 81' lang='lat' dir='ltr'><strong>Gloueostrim</strong></span> <span class='ocrx_word' id='word_1_159' title='bbox 1077 2694 1106 2742; x_wconf 88' lang='lat' dir='ltr'><strong>et</strong></span> <span class='ocrx_word' id='word_1_160' title='bbox 1129 2687 1280 2743; x_wconf 85' lang='lat' dir='ltr'><strong>monachis</strong></span> <span class='ocrx_word' id='word_1_161' title='bbox 1298 2688 1409 2743; x_wconf 87' lang='lat' dir='ltr'><strong>ibidem</strong></span> 
     </span>
     <span class='ocr_line' id='line_1_22' title="bbox 355 2771 1407 2844; baseline -0.003 -15"><span class='ocrx_word' id='word_1_162' title='bbox 355 2775 418 2829; x_wconf 88' lang='lat' dir='ltr'><strong>Deo</strong></span> <span class='ocrx_word' id='word_1_163' title='bbox 443 2771 647 2835; x_wconf 86' lang='lat' dir='ltr'><strong>servientibus,</strong></span> <span class='ocrx_word' id='word_1_164' title='bbox 668 2788 757 2825; x_wconf 88' lang='lat' dir='ltr'><strong>unam</strong></span> <span class='ocrx_word' id='word_1_165' title='bbox 775 2771 921 2842; x_wconf 79' lang='lat' dir='ltr'><strong>virgatam</strong></span> <span class='ocrx_word' id='word_1_166' title='bbox 949 2778 1037 2827; x_wconf 77' lang='lat' dir='ltr'><strong>terrm</strong></span> <span class='ocrx_word' id='word_1_167' title='bbox 1062 2790 1129 2827; x_wconf 91' lang='lat' dir='ltr'><strong>oum</strong></span> <span class='ocrx_word' id='word_1_168' title='bbox 1154 2772 1289 2827; x_wconf 90' lang='lat' dir='ltr'><strong>omnibus</strong></span> <span class='ocrx_word' id='word_1_169' title='bbox 1317 2773 1407 2844; x_wconf 89' lang='lat' dir='ltr'><strong>perti·</strong></span> 
     </span>
     <span class='ocr_line' id='line_1_23' title="bbox 354 2853 1409 2927; baseline -0.004 -14"><span class='ocrx_word' id='word_1_170' title='bbox 354 2857 461 2913; x_wconf 86' lang='lat' dir='ltr'><strong>uentiis</strong></span> <span class='ocrx_word' id='word_1_171' title='bbox 481 2856 543 2912; x_wconf 87' lang='lat' dir='ltr'><strong>suis</strong></span> <span class='ocrx_word' id='word_1_172' title='bbox 568 2855 600 2911; x_wconf 92' lang='lat' dir='ltr'><strong>in</strong></span> <span class='ocrx_word' id='word_1_173' title='bbox 617 2853 689 2909; x_wconf 85' lang='lat' dir='ltr'><strong>villa</strong></span> <span class='ocrx_word' id='word_1_174' title='bbox 714 2855 750 2908; x_wconf 90' lang='lat' dir='ltr'><strong>do</strong></span> <span class='ocrx_word' id='word_1_175' title='bbox 776 2854 952 2927; x_wconf 84' lang='lat' dir='ltr'><strong>Fromptoue</strong></span> <span class='ocrx_word' id='word_1_176' title='bbox 980 2872 1068 2927; x_wconf 90' lang='lat' dir='ltr'><strong>quam</strong></span> <span class='ocrx_word' id='word_1_177' title='bbox 1095 2855 1173 2909; x_wconf 88' lang='lat' dir='ltr'><strong>idem</strong></span> <span class='ocrx_word' id='word_1_178' title='bbox 1198 2855 1345 2912; x_wconf 84' lang='lat' dir='ltr'><strong>Ricardus</strong></span> <span class='ocrx_word' id='word_1_179' title='bbox 1372 2855 1409 2910; x_wconf 91' lang='lat' dir='ltr'><strong>de</strong></span> 
     </span>
     <span class='ocr_line' id='line_1_24' title="bbox 355 2937 1409 3011; baseline -0.001 -16"><span class='ocrx_word' id='word_1_180' title='bbox 355 2940 493 2996; x_wconf 84' lang='lat' dir='ltr'><strong>Olifforde</strong></span> <span class='ocrx_word' id='word_1_181' title='bbox 524 2939 659 2994; x_wconf 90' lang='lat' dir='ltr'><strong>dominus</strong></span> <span class='ocrx_word' id='word_1_182' title='bbox 688 2955 771 2992; x_wconf 87' lang='lat' dir='ltr'><strong>meus</strong></span> <span class='ocrx_word' id='word_1_183' title='bbox 802 2937 884 2994; x_wconf 86' lang='lat' dir='ltr'><strong>dedit</strong></span> <span class='ocrx_word' id='word_1_184' title='bbox 909 2938 983 2993; x_wconf 88' lang='lat' dir='ltr'><strong>mihi</strong></span> <span class='ocrx_word' id='word_1_185' title='bbox 1007 2945 1038 2994; x_wconf 92' lang='lat' dir='ltr'><strong>ot</strong></span> <span class='ocrx_word' id='word_1_186' title='bbox 1059 2939 1225 2994; x_wconf 65' lang='lat' dir='ltr'><strong>haeredibus</strong></span> <span class='ocrx_word' id='word_1_187' title='bbox 1250 2941 1325 2994; x_wconf 86' lang='lat' dir='ltr'><strong>meis</strong></span> <span class='ocrx_word' id='word_1_188' title='bbox 1355 2958 1409 3011; x_wconf 92' lang='lat' dir='ltr'><strong>pro</strong></span> 
     </span>
     <span class='ocr_line' id='line_1_25' title="bbox 353 3021 1408 3094; baseline -0.001 -16"><span class='ocrx_word' id='word_1_189' title='bbox 353 3022 491 3093; x_wconf 76' lang='lat' dir='ltr'><strong>homagio</strong></span> <span class='ocrx_word' id='word_1_190' title='bbox 522 3028 552 3077; x_wconf 91' lang='lat' dir='ltr'><strong>et</strong></span> <span class='ocrx_word' id='word_1_191' title='bbox 581 3021 702 3076; x_wconf 87' lang='lat' dir='ltr'><strong>servitio</strong></span> <span class='ocrx_word' id='word_1_192' title='bbox 732 3037 813 3088; x_wconf 88' lang='lat' dir='ltr'><strong>meo;</strong></span> <span class='ocrx_word' id='word_1_193' title='bbox 845 3022 927 3076; x_wconf 86' lang='lat' dir='ltr'><strong>illam</strong></span> <span class='ocrx_word' id='word_1_194' title='bbox 963 3022 1101 3078; x_wconf 78' lang='lat' dir='ltr'><strong>videlicet</strong></span> <span class='ocrx_word' id='word_1_195' title='bbox 1135 3024 1283 3093; x_wconf 74' lang='lat' dir='ltr'><strong>virgatam</strong></span> <span class='ocrx_word' id='word_1_196' title='bbox 1321 3043 1408 3094; x_wconf 79' lang='lat' dir='ltr'><strong>quum</strong></span> 
     </span>
     <span class='ocr_line' id='line_1_26' title="bbox 356 3104 1409 3173; baseline 0.002 -13"><span class='ocrx_word' id='word_1_197' title='bbox 356 3106 501 3161; x_wconf 83' lang='lat' dir='ltr'><strong>Ricardus</strong></span> <span class='ocrx_word' id='word_1_198' title='bbox 531 3105 602 3160; x_wconf 89' lang='lat' dir='ltr'><strong>Albi</strong></span> <span class='ocrx_word' id='word_1_199' title='bbox 632 3104 710 3160; x_wconf 88' lang='lat' dir='ltr'><strong>filius</strong></span> <span class='ocrx_word' id='word_1_200' title='bbox 741 3104 875 3161; x_wconf 59' lang='lat' dir='ltr'><strong>baldwini</strong></span> <span class='ocrx_word' id='word_1_201' title='bbox 905 3104 975 3159; x_wconf 88' lang='lat' dir='ltr'><strong>Albi</strong></span> <span class='ocrx_word' id='word_1_202' title='bbox 1006 3113 1157 3173; x_wconf 87' lang='lat' dir='ltr'><strong>tenuerot;</strong></span> <span class='ocrx_word' id='word_1_203' title='bbox 1192 3108 1349 3162; x_wconf 85' lang='lat' dir='ltr'><strong>tenendum</strong></span> <span class='ocrx_word' id='word_1_204' title='bbox 1379 3122 1409 3163; x_wconf 83' lang='lat' dir='ltr'><strong>et</strong></span> 
     </span>
     <span class='ocr_line' id='line_1_27' title="bbox 356 3188 1407 3263; baseline 0.003 -19"><span class='ocrx_word' id='word_1_205' title='bbox 356 3190 516 3244; x_wconf 83' lang='lat' dir='ltr'><strong>habendam</strong></span> <span class='ocrx_word' id='word_1_206' title='bbox 535 3189 592 3243; x_wconf 88' lang='lat' dir='ltr'><strong>sibi</strong></span> <span class='ocrx_word' id='word_1_207' title='bbox 611 3194 640 3242; x_wconf 87' lang='lat' dir='ltr'><strong>ct</strong></span> <span class='ocrx_word' id='word_1_208' title='bbox 658 3188 790 3243; x_wconf 75' lang='lat' dir='ltr'><strong>eeclesias</strong></span> <span class='ocrx_word' id='word_1_209' title='bbox 810 3207 871 3243; x_wconf 83' lang='lat' dir='ltr'><strong>sum</strong></span> <span class='ocrx_word' id='word_1_210' title='bbox 891 3189 1119 3262; x_wconf 88' lang='lat' dir='ltr'><strong>inperpetuum,</strong></span> <span class='ocrx_word' id='word_1_211' title='bbox 1134 3191 1226 3246; x_wconf 86' lang='lat' dir='ltr'><strong>libero</strong></span> <span class='ocrx_word' id='word_1_212' title='bbox 1245 3204 1276 3247; x_wconf 91' lang='lat' dir='ltr'><strong>et</strong></span> <span class='ocrx_word' id='word_1_213' title='bbox 1297 3194 1407 3263; x_wconf 77' lang='lat' dir='ltr'><strong>quiete,</strong></span> 
     </span>
     <span class='ocr_line' id='line_1_28' title="bbox 354 3272 1409 3345; baseline 0.003 -17"><span class='ocrx_word' id='word_1_214' title='bbox 354 3274 477 3344; x_wconf 74' lang='lat' dir='ltr'><strong>integro,</strong></span> <span class='ocrx_word' id='word_1_215' title='bbox 492 3272 633 3345; x_wconf 87' lang='lat' dir='ltr'><strong>plenarie,</strong></span> <span class='ocrx_word' id='word_1_216' title='bbox 648 3279 678 3326; x_wconf 88' lang='lat' dir='ltr'><strong>et</strong></span> <span class='ocrx_word' id='word_1_217' title='bbox 696 3272 862 3335; x_wconf 85' lang='lat' dir='ltr'><strong>honorifice,</strong></span> <span class='ocrx_word' id='word_1_218' title='bbox 883 3273 914 3326; x_wconf 91' lang='lat' dir='ltr'><strong>in</strong></span> <span class='ocrx_word' id='word_1_219' title='bbox 931 3273 1032 3343; x_wconf 88' lang='lat' dir='ltr'><strong>pratis,</strong></span> <span class='ocrx_word' id='word_1_220' title='bbox 1051 3274 1081 3327; x_wconf 91' lang='lat' dir='ltr'><strong>iu</strong></span> <span class='ocrx_word' id='word_1_221' title='bbox 1099 3275 1225 3345; x_wconf 83' lang='lat' dir='ltr'><strong>pascuis,</strong></span> <span class='ocrx_word' id='word_1_222' title='bbox 1247 3276 1277 3329; x_wconf 91' lang='lat' dir='ltr'><strong>iu</strong></span> <span class='ocrx_word' id='word_1_223' title='bbox 1302 3276 1361 3330; x_wconf 72' lang='lat' dir='ltr'><strong>viis</strong></span> <span class='ocrx_word' id='word_1_224' title='bbox 1380 3290 1409 3331; x_wconf 85' lang='lat' dir='ltr'><strong>et</strong></span> 
     </span>
     <span class='ocr_line' id='line_1_29' title="bbox 354 3355 1410 3427; baseline 0.004 -16"><span class='ocrx_word' id='word_1_225' title='bbox 354 3359 477 3421; x_wconf 74' lang='lat' dir='ltr'><strong>uerrutis,</strong></span> <span class='ocrx_word' id='word_1_226' title='bbox 499 3358 529 3410; x_wconf 92' lang='lat' dir='ltr'><strong>iu</strong></span> <span class='ocrx_word' id='word_1_227' title='bbox 547 3356 631 3427; x_wconf 87' lang='lat' dir='ltr'><strong>aquis</strong></span> <span class='ocrx_word' id='word_1_228' title='bbox 659 3362 690 3410; x_wconf 94' lang='lat' dir='ltr'><strong>et</strong></span> <span class='ocrx_word' id='word_1_229' title='bbox 714 3355 898 3419; x_wconf 83' lang='lat' dir='ltr'><strong>molendinis,</strong></span> <span class='ocrx_word' id='word_1_230' title='bbox 919 3375 987 3411; x_wconf 87' lang='lat' dir='ltr'><strong>cum</strong></span> <span class='ocrx_word' id='word_1_231' title='bbox 1014 3359 1147 3413; x_wconf 79' lang='lat' dir='ltr'><strong>omuibus</strong></span> <span class='ocrx_word' id='word_1_232' title='bbox 1173 3359 1361 3415; x_wconf 86' lang='lat' dir='ltr'><strong>libertatibus</strong></span> <span class='ocrx_word' id='word_1_233' title='bbox 1380 3370 1410 3416; x_wconf 82' lang='lat' dir='ltr'><strong>et</strong></span> 
     </span>
     <span class='ocr_line' id='line_1_30' title="bbox 354 3439 736 3495; baseline -0.005 0"><span class='ocrx_word' id='word_1_234' title='bbox 354 3442 455 3495; x_wconf 82' lang='lat' dir='ltr'><strong>liberis</strong></span> <span class='ocrx_word' id='word_1_235' title='bbox 468 3439 736 3495; x_wconf 86' lang='lat' dir='ltr'><strong>consuetudinibus.</strong></span> 
     </span>
    </p>

    <p class='ocr_par' dir='ltr' id='par_1_9' title="bbox 351 3522 1409 4001">
     <span class='ocr_line' id='line_1_31' title="bbox 390 3522 1408 3583; baseline 0.004 -5"><span class='ocrx_word' id='word_1_236' title='bbox 390 3523 547 3579; x_wconf 81' lang='lat' dir='ltr'><strong>Reddenda</strong></span> <span class='ocrx_word' id='word_1_237' title='bbox 566 3522 633 3577; x_wconf 89' lang='lat' dir='ltr'><strong>inde</strong></span> <span class='ocrx_word' id='word_1_238' title='bbox 652 3523 801 3577; x_wconf 86' lang='lat' dir='ltr'><strong>annuatim</strong></span> <span class='ocrx_word' id='word_1_239' title='bbox 826 3524 921 3579; x_wconf 89' lang='lat' dir='ltr'><strong>eidem</strong></span> <span class='ocrx_word' id='word_1_240' title='bbox 947 3524 1073 3579; x_wconf 84' lang='lat' dir='ltr'><strong>Ricardo</strong></span> <span class='ocrx_word' id='word_1_241' title='bbox 1091 3525 1138 3581; x_wconf 79' lang='lat' dir='ltr'><strong>vel</strong></span> <span class='ocrx_word' id='word_1_242' title='bbox 1159 3526 1328 3583; x_wconf 68' lang='lat' dir='ltr'><strong>haeredibus</strong></span> <span class='ocrx_word' id='word_1_243' title='bbox 1346 3531 1408 3583; x_wconf 83' lang='lat' dir='ltr'><strong>suis</strong></span> 
     </span>
     <span class='ocr_line' id='line_1_32' title="bbox 353 3609 1409 3684; baseline 0.005 -21"><span class='ocrx_word' id='word_1_244' title='bbox 353 3629 406 3681; x_wconf 90' lang='lat' dir='ltr'><strong>pro</strong></span> <span class='ocrx_word' id='word_1_245' title='bbox 424 3610 502 3663; x_wconf 90' lang='lat' dir='ltr'><strong>omni</strong></span> <span class='ocrx_word' id='word_1_246' title='bbox 523 3609 652 3671; x_wconf 70' lang='lat' dir='ltr'><strong>servitia</strong></span> <span class='ocrx_word' id='word_1_247' title='bbox 667 3615 786 3678; x_wconf 83' lang='lat' dir='ltr'><strong>excepto</strong></span> <span class='ocrx_word' id='word_1_248' title='bbox 805 3609 898 3679; x_wconf 83' lang='lat' dir='ltr'><strong>regali</strong></span> <span class='ocrx_word' id='word_1_249' title='bbox 917 3611 1046 3675; x_wconf 86' lang='lat' dir='ltr'><strong>servitio,</strong></span> <span class='ocrx_word' id='word_1_250' title='bbox 1066 3629 1153 3665; x_wconf 89' lang='lat' dir='ltr'><strong>unam</strong></span> <span class='ocrx_word' id='word_1_251' title='bbox 1172 3612 1277 3666; x_wconf 87' lang='lat' dir='ltr'><strong>libram</strong></span> <span class='ocrx_word' id='word_1_252' title='bbox 1298 3614 1409 3684; x_wconf 79' lang='lat' dir='ltr'><strong>piperis</strong></span> 
     </span>
     <span class='ocr_line' id='line_1_33' title="bbox 352 3692 1407 3752; baseline 0.004 -4"><span class='ocrx_word' id='word_1_253' title='bbox 352 3695 388 3748; x_wconf 87' lang='lat' dir='ltr'><strong>ad</strong></span> <span class='ocrx_word' id='word_1_254' title='bbox 401 3696 508 3748; x_wconf 86' lang='lat' dir='ltr'><strong>festum</strong></span> <span class='ocrx_word' id='word_1_255' title='bbox 523 3692 622 3748; x_wconf 82' lang='lat' dir='ltr'><strong>Sancti</strong></span> <span class='ocrx_word' id='word_1_256' title='bbox 634 3692 789 3746; x_wconf 84' lang='lat' dir='ltr'><strong>Michaelis</strong></span> <span class='ocrx_word' id='word_1_257' title='bbox 807 3693 884 3747; x_wconf 85' lang='lat' dir='ltr'><strong>iul&#39;ra</strong></span> <span class='ocrx_word' id='word_1_258' title='bbox 901 3694 1044 3749; x_wconf 87' lang='lat' dir='ltr'><strong>nundinas</strong></span> <span class='ocrx_word' id='word_1_259' title='bbox 1063 3695 1232 3751; x_wconf 78' lang='lat' dir='ltr'><strong>Bristollire.</strong></span> <span class='ocrx_word' id='word_1_260' title='bbox 1272 3698 1311 3752; x_wconf 83' lang='lat' dir='ltr'><strong>Et</strong></span> <span class='ocrx_word' id='word_1_261' title='bbox 1331 3699 1407 3752; x_wconf 83' lang='lat' dir='ltr'><strong>idern</strong></span> 
     </span>
     <span class='ocr_line' id='line_1_34' title="bbox 351 3777 1409 3851; baseline 0.003 -19"><span class='ocrx_word' id='word_1_262' title='bbox 351 3778 495 3833; x_wconf 83' lang='lat' dir='ltr'><strong>Ricardus</strong></span> <span class='ocrx_word' id='word_1_263' title='bbox 520 3778 568 3832; x_wconf 88' lang='lat' dir='ltr'><strong>vel</strong></span> <span class='ocrx_word' id='word_1_264' title='bbox 590 3777 722 3832; x_wconf 75' lang='lat' dir='ltr'><strong>haeredes</strong></span> <span class='ocrx_word' id='word_1_265' title='bbox 742 3777 787 3830; x_wconf 90' lang='lat' dir='ltr'><strong>sui</strong></span> <span class='ocrx_word' id='word_1_266' title='bbox 807 3777 1036 3833; x_wconf 80' lang='lat' dir='ltr'><strong>warantizubunt</strong></span> <span class='ocrx_word' id='word_1_267' title='bbox 1060 3779 1230 3849; x_wconf 64' lang='lat' dir='ltr'><strong>praedictam</strong></span> <span class='ocrx_word' id='word_1_268' title='bbox 1261 3782 1409 3851; x_wconf 79' lang='lat' dir='ltr'><strong>virgatam</strong></span> 
     </span>
     <span class='ocr_line' id='line_1_35' title="bbox 351 3860 1409 3933; baseline 0.004 -16"><span class='ocrx_word' id='word_1_269' title='bbox 351 3869 437 3917; x_wconf 81' lang='lat' dir='ltr'><strong>terrm</strong></span> <span class='ocrx_word' id='word_1_270' title='bbox 449 3861 598 3933; x_wconf 81' lang='lat' dir='ltr'><strong>praediotis</strong></span> <span class='ocrx_word' id='word_1_271' title='bbox 611 3860 760 3916; x_wconf 87' lang='lat' dir='ltr'><strong>monachis</strong></span> <span class='ocrx_word' id='word_1_272' title='bbox 773 3860 809 3915; x_wconf 87' lang='lat' dir='ltr'><strong>de</strong></span> <span class='ocrx_word' id='word_1_273' title='bbox 821 3863 1007 3918; x_wconf 87' lang='lat' dir='ltr'><strong>comitatibus</strong></span> <span class='ocrx_word' id='word_1_274' title='bbox 1026 3869 1056 3918; x_wconf 92' lang='lat' dir='ltr'><strong>et</strong></span> <span class='ocrx_word' id='word_1_275' title='bbox 1073 3863 1233 3919; x_wconf 87' lang='lat' dir='ltr'><strong>hundredis</strong></span> <span class='ocrx_word' id='word_1_276' title='bbox 1253 3872 1283 3920; x_wconf 88' lang='lat' dir='ltr'><strong>et</strong></span> <span class='ocrx_word' id='word_1_277' title='bbox 1300 3866 1409 3921; x_wconf 69' lang='lat' dir='ltr'><strong>wardia</strong></span> 
     </span>
     <span class='ocr_line' id='line_1_36' title="bbox 351 3946 735 4001; baseline -0.005 0"><span class='ocrx_word' id='word_1_278' title='bbox 351 3946 428 4001; x_wconf 86' lang='lat' dir='ltr'><strong>sicut</strong></span> <span class='ocrx_word' id='word_1_279' title='bbox 445 3946 623 4001; x_wconf 89' lang='lat' dir='ltr'><strong>dominicum</strong></span> <span class='ocrx_word' id='word_1_280' title='bbox 641 3964 735 4000; x_wconf 89' lang='lat' dir='ltr'><strong>suum.</strong></span> 
     </span>
    </p>

    <p class='ocr_par' dir='ltr' id='par_1_10' title="bbox 354 4029 1406 4184">
     <span class='ocr_line' id='line_1_37' title="bbox 386 4029 1405 4104; baseline 0.004 -22"><span class='ocrx_word' id='word_1_281' title='bbox 386 4029 428 4084; x_wconf 92' lang='lat' dir='ltr'><strong>Ut</strong></span> <span class='ocrx_word' id='word_1_282' title='bbox 445 4030 540 4098; x_wconf 72' lang='lat' dir='ltr'><strong>igitur</strong></span> <span class='ocrx_word' id='word_1_283' title='bbox 557 4029 620 4084; x_wconf 81' lang='lat' dir='ltr'><strong>hmo</strong></span> <span class='ocrx_word' id='word_1_284' title='bbox 638 4046 704 4083; x_wconf 92' lang='lat' dir='ltr'><strong>mea</strong></span> <span class='ocrx_word' id='word_1_285' title='bbox 722 4029 838 4083; x_wconf 90' lang='lat' dir='ltr'><strong>donatio</strong></span> <span class='ocrx_word' id='word_1_286' title='bbox 856 4037 921 4084; x_wconf 88' lang='lat' dir='ltr'><strong>rata</strong></span> <span class='ocrx_word' id='word_1_287' title='bbox 941 4030 981 4085; x_wconf 89' lang='lat' dir='ltr'><strong>sit</strong></span> <span class='ocrx_word' id='word_1_288' title='bbox 994 4037 1024 4085; x_wconf 88' lang='lat' dir='ltr'><strong>et</strong></span> <span class='ocrx_word' id='word_1_289' title='bbox 1042 4031 1156 4085; x_wconf 81' lang='lat' dir='ltr'><strong>stabilis</strong></span> <span class='ocrx_word' id='word_1_290' title='bbox 1175 4032 1207 4084; x_wconf 91' lang='lat' dir='ltr'><strong>in</strong></span> <span class='ocrx_word' id='word_1_291' title='bbox 1218 4039 1405 4104; x_wconf 86' lang='lat' dir='ltr'><strong>perpetuum,</strong></span> 
     </span>
     <span class='ocr_line' id='line_1_38' title="bbox 354 4112 1406 4184; baseline 0.004 -17"><span class='ocrx_word' id='word_1_292' title='bbox 354 4130 418 4167; x_wconf 87' lang='lat' dir='ltr'><strong>eam</strong></span> <span class='ocrx_word' id='word_1_293' title='bbox 437 4113 575 4184; x_wconf 68' lang='lat' dir='ltr'><strong>praesenti</strong></span> <span class='ocrx_word' id='word_1_294' title='bbox 594 4118 676 4167; x_wconf 86' lang='lat' dir='ltr'><strong>carta</strong></span> <span class='ocrx_word' id='word_1_295' title='bbox 694 4130 760 4166; x_wconf 89' lang='lat' dir='ltr'><strong>mou</strong></span> <span class='ocrx_word' id='word_1_296' title='bbox 778 4118 807 4166; x_wconf 89' lang='lat' dir='ltr'><strong>et</strong></span> <span class='ocrx_word' id='word_1_297' title='bbox 826 4112 916 4183; x_wconf 81' lang='lat' dir='ltr'><strong>sigilli</strong></span> <span class='ocrx_word' id='word_1_298' title='bbox 937 4114 994 4167; x_wconf 91' lang='lat' dir='ltr'><strong>mei</strong></span> <span class='ocrx_word' id='word_1_299' title='bbox 1015 4114 1207 4184; x_wconf 85' lang='lat' dir='ltr'><strong>impressione</strong></span> <span class='ocrx_word' id='word_1_300' title='bbox 1225 4116 1406 4171; x_wconf 73' lang='lat' dir='ltr'><strong>oonfirnuu&#39;i.</strong></span> 
     </span>
    </p>
   </div>
   <div class='ocr_carea' id='block_1_5' title="bbox 732 4366 1040 4432">
    <p class='ocr_par' dir='ltr' id='par_1_11' title="bbox 732 4366 1040 4432">
     <span class='ocr_line' id='line_1_39' title="bbox 732 4366 1040 4432; baseline 0 -2"><span class='ocrx_word' id='word_1_301' title='bbox 732 4366 822 4431; x_wconf 69' lang='lat' dir='ltr'><strong>SOL.</strong></span> <span class='ocrx_word' id='word_1_302' title='bbox 848 4367 897 4431; x_wconf 83' lang='lat' dir='ltr'><strong>De</strong></span> <span class='ocrx_word' id='word_1_303' title='bbox 920 4366 1040 4432; x_wconf 73' lang='lat' dir='ltr'><strong>cederit.</strong></span> 
     </span>
    </p>
   </div>
   <div class='ocr_carea' id='block_1_6' title="bbox 182 4511 1408 4762">
    <p class='ocr_par' dir='ltr' id='par_1_12' title="bbox 182 4511 1408 4762">
     <span class='ocr_line' id='line_1_40' title="bbox 184 4511 1408 4589; baseline 0.009 -25"><span class='ocrx_word' id='word_1_304' title='bbox 184 4520 272 4570; x_wconf 68' lang='lat' dir='ltr'><strong>(isthe-</strong></span> <span class='ocrx_word' id='word_1_305' title='bbox 388 4511 499 4566; x_wconf 86' lang='lat' dir='ltr'><strong>Notum</strong></span> <span class='ocrx_word' id='word_1_306' title='bbox 519 4512 558 4567; x_wconf 89' lang='lat' dir='ltr'><strong>sit</strong></span> <span class='ocrx_word' id='word_1_307' title='bbox 577 4514 719 4577; x_wconf 88' lang='lat' dir='ltr'><strong>omuibus,</strong></span> <span class='ocrx_word' id='word_1_308' title='bbox 741 4515 819 4585; x_wconf 87' lang='lat' dir='ltr'><strong>quod</strong></span> <span class='ocrx_word' id='word_1_309' title='bbox 838 4534 893 4586; x_wconf 81' lang='lat' dir='ltr'><strong>ego</strong></span> <span class='ocrx_word' id='word_1_310' title='bbox 911 4516 1069 4581; x_wconf 85' lang='lat' dir='ltr'><strong>Henrieus,</strong></span> <span class='ocrx_word' id='word_1_311' title='bbox 1084 4517 1140 4572; x_wconf 89' lang='lat' dir='ltr'><strong>Dei</strong></span> <span class='ocrx_word' id='word_1_312' title='bbox 1153 4519 1251 4589; x_wconf 85' lang='lat' dir='ltr'><strong>gratia</strong></span> <span class='ocrx_word' id='word_1_313' title='bbox 1269 4519 1359 4574; x_wconf 67' lang='lat' dir='ltr'><strong>olibas</strong></span> <span class='ocrx_word' id='word_1_314' title='bbox 1377 4530 1408 4575; x_wconf 87' lang='lat' dir='ltr'><strong>et</strong></span> 
     </span>
     <span class='ocr_line' id='line_1_41' title="bbox 182 4595 1407 4674; baseline 0.009 -26"><span class='ocrx_word' id='word_1_315' title='bbox 182 4602 257 4637; x_wconf 79' lang='lat' dir='ltr'><strong>same.</strong></span> <span class='ocrx_word' id='word_1_316' title='bbox 354 4602 513 4650; x_wconf 84' lang='lat' dir='ltr'><strong>conventus</strong></span> <span class='ocrx_word' id='word_1_317' title='bbox 534 4595 634 4651; x_wconf 83' lang='lat' dir='ltr'><strong>Sancti</strong></span> <span class='ocrx_word' id='word_1_318' title='bbox 653 4598 735 4653; x_wconf 89' lang='lat' dir='ltr'><strong>Petri</strong></span> <span class='ocrx_word' id='word_1_319' title='bbox 755 4600 958 4665; x_wconf 83' lang='lat' dir='ltr'><strong>Gloueestriae,</strong></span> <span class='ocrx_word' id='word_1_320' title='bbox 978 4601 1153 4657; x_wconf 89' lang='lat' dir='ltr'><strong>tradidimus</strong></span> <span class='ocrx_word' id='word_1_321' title='bbox 1172 4602 1261 4658; x_wconf 88' lang='lat' dir='ltr'><strong>Petro</strong></span> <span class='ocrx_word' id='word_1_322' title='bbox 1280 4603 1407 4674; x_wconf 85' lang='lat' dir='ltr'><strong>Burgeis</strong></span> 
     </span>
     <span class='ocr_line' id='line_1_42' title="bbox 352 4679 1407 4762; baseline 0.014 -31"><span class='ocrx_word' id='word_1_323' title='bbox 352 4679 424 4734; x_wconf 84' lang='lat' dir='ltr'><strong>duas</strong></span> <span class='ocrx_word' id='word_1_324' title='bbox 437 4679 567 4749; x_wconf 84' lang='lat' dir='ltr'><strong>virgatas</strong></span> <span class='ocrx_word' id='word_1_325' title='bbox 587 4686 671 4736; x_wconf 87' lang='lat' dir='ltr'><strong>terroe</strong></span> <span class='ocrx_word' id='word_1_326' title='bbox 690 4683 721 4736; x_wconf 92' lang='lat' dir='ltr'><strong>iu</strong></span> <span class='ocrx_word' id='word_1_327' title='bbox 740 4683 915 4756; x_wconf 74' lang='lat' dir='ltr'><strong>Promptone</strong></span> <span class='ocrx_word' id='word_1_328' title='bbox 935 4705 1008 4757; x_wconf 59' lang='lat' dir='ltr'><strong>(ruas</strong></span> <span class='ocrx_word' id='word_1_329' title='bbox 1027 4687 1162 4759; x_wconf 81' lang='lat' dir='ltr'><strong>Rogems</strong></span> <span class='ocrx_word' id='word_1_330' title='bbox 1180 4688 1217 4744; x_wconf 91' lang='lat' dir='ltr'><strong>de</strong></span> <span class='ocrx_word' id='word_1_331' title='bbox 1229 4690 1407 4762; x_wconf 82' lang='lat' dir='ltr'><strong>Fromptoue</strong></span> 
     </span>
    </p>
   </div>
   <div class='ocr_carea' id='block_1_7' title="bbox 0 0 1584 5610">
    <p class='ocr_par' dir='ltr' id='par_1_13' title="bbox 0 0 1584 5610">
     <span class='ocr_line' id='line_1_43' title="bbox 0 0 1584 5610; baseline 0 3"><span class='ocrx_word' id='word_1_332' title='bbox 0 0 1584 5610; x_wconf 95' lang='lat' dir='ltr'><strong> </strong></span> 
     </span>
    </p>
   </div>
  </div>
 </body>
</html>
