3158 5610
527 786 555 835 s.
577 785 677 833 ratur
699 783 954 833 omucmmm
1221 765 1264 829 85

212 979 295 1022 sum
315 956 483 1023 Walterus
515 982 537 1022 a
557 958 786 1023 fundamentis
818 962 1057 1032 mustruxerat,
1079 955 1174 1020 dedit
1194 966 1372 1019 ruo-nu

212 1059 326 1124 meliis
360 1059 477 1126 Sancti
515 1059 607 1125 Petri
645 1059 868 1135 Glouooetriae
896 1081 971 1124 eum
1008 1057 1193 1144 praebendis
1228 1034 1411 1152 ἀπ

211 1163 367 1229 omnibu
401 1185 477 1249 quae
511 1163 556 1228 ad
601 1185 675 1228 eam
719 1163 896 1248 pertinent,
934 1167 1081 1246 tempore
1118 1159 1263 1225 Serlouis
1274 1178 1433 1238 mm.

211 1264 352 1332 abbatis.

647 1404 832 1477 ooeodem

261 1544 335 1613 Rex
367 1545 553 1612 Willelmus
584 1547 692 1612 senior
721 1546 879 1611 concessit
910 1551 946 1611 et
979 1544 1189 1611 confirmavit
1221 1544 1264 1609 de

213 1647 702 1735 terrisWalterideIacyed
724 1649 891 1714 ecelesiam
913 1647 1027 1713 Sancti
1049 1647 1141 1712 Petri
1163 1669 1264 1732 quam

214 1751 354 1836 ipsemet
383 1751 572 1816 construxit
604 1752 642 1815 in
672 1751 825 1828 Heriem,
848 1757 1010 1836 quantum
1043 1750 1189 1836 pertinet
1219 1747 1264 1813 ad

214 1859 359 1938 quatuor
385 1876 526 1930 mrum,
554 1858 588 1918 et
623 1854 666 1918 de
698 1853 809 1918 decom
848 1853 937 1917 n'llis
973 1853 1084 1917 decem
1114 1851 1265 1930 villanos,

215 1976 319 2019 unum
353 1955 513 2019 villanum
534 1955 572 2019 in
594 1955 700 2021 Stoke
733 1957 768 2019 in
803 1955 1061 2035 Herfonlsehire‚
1083 1976 1188 2018 unum
1221 1953 1264 2018 de

214 2056 400 2122 Stauntone
431 2059 465 2121 in
487 2057 726 2146 Scliropsehire,
750 2081 855 2122 unum
888 2059 923 2121 in
946 2057 1051 2123 Stoke
1081 2057 1119 2121 in
1149 2055 1264 2121 eadem

212 2159 330 2241 schira
352 2183 456 2225 unum
479 2162 514 2225 in
537 2160 739 2247 Webbeleya
762 2163 797 2225 in
820 2160 1078 2238 Herfordsehire,
1101 2181 1205 2223 unum
1227 2159 1264 2221 in

214 2261 477 2327 Bricmarifrome
501 2264 538 2326 in
559 2263 673 2328 eudem
693 2262 810 2341 schira,
824 2264 969 2348 quinque
990 2267 1103 2326 autem
1124 2261 1265 2325 villanos

92 2384 96 2389 ·
213 2365 256 2429 de
278 2364 424 2451 quinque
445 2364 537 2430 villis
563 2367 600 2429 in
622 2365 925 2441 Glouoastreschire,
946 2386 1051 2429 unum
1081 2364 1148 2452 [in]
1172 2364 1265 2449 Goy-

213 2474 309 2554 tyng,
322 2489 427 2532 unum
441 2465 490 2531 in¹
507 2467 783 2556 Qnenuyngtone,
797 2490 901 2532 uuum
917 2468 952 2530 in
967 2467 1148 2547 Strattone,
1159 2487 1265 2533 unum

213 2573 249 2635 in
272 2571 372 2656 Wyk
395 2572 430 2635 iu
456 2570 696 2648 Dontesborne,
719 2594 823 2636 unum
858 2572 894 2635 in
917 2571 1069 2636 flamme.
1114 2571 1166 2636 De
1198 2571 1264 2635 illis

213 2696 293 2738 vero
306 2674 419 2739 decem
439 2674 607 2761 praedictis
621 2674 712 2739 villis
726 2675 884 2740 conoeesit
899 2675 983 2738 duas
997 2679 1107 2760 partas
1128 2674 1264 2739 decimae

212 2776 256 2840 ad
293 2775 431 2841 eandem
468 2777 644 2842 eeclesiam.
706 2775 809 2864 Hugo
845 2776 934 2840 filius
970 2777 1041 2860 ejus
1077 2777 1261 2842 confirmat.

215 2879 378 2944 Henriem
407 2900 468 2944 rex
503 2880 630 2964 primus
666 2879 848 2944 confirmat
892 2878 1057 2943 Similiter
1089 2879 1264 2945 confirmat

213 2980 380 3046 eudemum
408 2980 527 3047 Sancti
551 2982 705 3047 Audoeui
731 2983 769 3046 in
795 2981 942 3047 Herlord
962 2981 1015 3046 cui
1045 2981 1174 3067 adjacet
1195 3004 1265 3046 uns

213 3083 611 3151 deehnsetunusdiu
637 3084 1129 3160 die,²ettotammansuram.
1175 3083 1263 3150 Ρω-

213 3186 300 3272 oepit
332 3185 404 3252 haee
436 3186 547 3252 omnia
578 3186 683 3252 libera
708 3186 780 3250 fieri
815 3186 1054 3273 perpetualiter
1092 3185 1137 3251 ab
1173 3187 1263 3252 omui

212 3288 459 3367 eomuetudine,
480 3296 628 3375 tempore
651 3287 798 3354 Serlonis
818 3288 958 3353 obbatis

612 3490 663 3556 De
676 3490 867 3576 Hefforde?

257 3635 358 3698 Anno
380 3632 517 3698 Domini
539 3632 715 3699 millasimo
735 3636 916 3700 centesimo
929 3635 1132 3722 sexagesimo
1154 3635 1264 3713 tertio,

212 3735 352 3799 domnus
386 3734 552 3800 Robertus
583 3735 626 3801 de
656 3736 793 3815 Betoue,
820 3737 1052 3802 Herfordensis
1083 3738 1262 3826 episcopua,

211 3837 381 3903 eeclesiam
403 3838 500 3903 Beati
525 3837 616 3902 Petri
642 3836 788 3904 Heriord
810 3840 846 3903 in
867 3839 939 3904 foro
960 3840 1069 3916 sitam
1098 3846 1134 3905 et
1162 3840 1262 3906 eoele-

211 3942 295 4004 siam
328 3940 443 4004 Sancti
474 3939 630 4005 Guthlaci
661 3926 752 4006 iutra
788 3941 954 4006 ambitum
994 3941 1121 4007 castelli
1158 3944 1262 4031 ipsius

212 4044 388 4129 inportune
410 4042 563 4128 positam
584 4052 620 4108 et
652 4065 766 4108 omnes
798 4044 967 4130 parochias
989 4052 1024 4109 et
1045 4047 1263 4133 pumiones

210 4144 450 4231 etdignitatea
478 4166 593 4209 earum
622 4147 659 4209 in
687 4145 956 4212 unumeoelesiae
985 4149 1261 4236 oorpusredegit,

211 4253 246 4310 et
277 4269 317 4311 ea
338 4246 483 4312 ecelesiae
507 4248 742 4334 Apostolorum
765 4247 857 4315 Petri
890 4253 926 4313 et
949 4247 1046 4314 Pauli
1076 4256 1112 4316 et
1145 4251 1261 4317 Sancti

653 4406 826 4411 ---.-.-
853 4405 895 4410 -..
919 4405 992 4415 --,
1028 4407 1258 4418 ...—„—,

379 4478 1067 4628 laehlmuscgt'l'bpmgeiuvideassympe

377 4636 874 4705 ’Boswlnmussepom
