<?xml version="1.0" encoding="UTF-8"?>
<!DOCTYPE html PUBLIC "-//W3C//DTD XHTML 1.0 Transitional//EN"
    "http://www.w3.org/TR/xhtml1/DTD/xhtml1-transitional.dtd">
<html xmlns="http://www.w3.org/1999/xhtml" xml:lang="en" lang="en">
 <head>
  <title>
</title>
<meta http-equiv="Content-Type" content="text/html;charset=utf-8" />
  <meta name='ocr-system' content='tesseract 3.04.00' />
  <meta name='ocr-capabilities' content='ocr_page ocr_carea ocr_par ocr_line ocrx_word'/>
</head>
<body>
  <div class='ocr_page' id='page_1' title='image "./historiaetcartu00monagoog_0088.png"; bbox 0 0 3158 5610; ppageno 0'>
   <div class='ocr_carea' id='block_1_1' title="bbox 444 734 1243 799">
    <p class='ocr_par' dir='ltr' id='par_1_1' title="bbox 444 734 1243 799">
     <span class='ocr_line' id='line_1_1' title="bbox 444 734 1243 799; baseline 0.003 -2"><span class='ocrx_word' id='word_1_1' title='bbox 444 746 626 797; x_wconf 73' lang='lat' dir='ltr'>arennix</span> <span class='ocrx_word' id='word_1_2' title='bbox 648 747 692 796; x_wconf 79' lang='lat' dir='ltr'>ro</span> <span class='ocrx_word' id='word_1_3' title='bbox 715 746 985 797; x_wconf 74' lang='lat' dir='ltr'>isrnonrt&#39;uos.</span> <span class='ocrx_word' id='word_1_4' title='bbox 1135 734 1243 799; x_wconf 69' lang='lat' dir='ltr'>lxxiii</span> 
     </span>
    </p>
   </div>
   <div class='ocr_carea' id='block_1_2' title="bbox 164 915 1243 3164">
    <p class='ocr_par' dir='ltr' id='par_1_2' title="bbox 166 915 1243 2752">
     <span class='ocr_line' id='line_1_2' title="bbox 177 915 1243 992; baseline 0.003 -21"><span class='ocrx_word' id='word_1_5' title='bbox 177 915 357 973; x_wconf 66' lang='lat' dir='ltr'>lenerensi</span> <span class='ocrx_word' id='word_1_6' title='bbox 374 918 510 974; x_wconf 83' lang='lat' dir='ltr'>habitum</span> <span class='ocrx_word' id='word_1_7' title='bbox 537 920 668 990; x_wconf 82' lang='lat' dir='ltr'>suscepit</span> <span class='ocrx_word' id='word_1_8' title='bbox 695 920 826 974; x_wconf 83' lang='lat' dir='ltr'>canonici</span> <span class='ocrx_word' id='word_1_9' title='bbox 853 936 884 975; x_wconf 86' lang='lat' dir='ltr'>et</span> <span class='ocrx_word' id='word_1_10' title='bbox 911 921 952 974; x_wconf 90' lang='lat' dir='ltr'>ibi</span> <span class='ocrx_word' id='word_1_11' title='bbox 979 921 1111 992; x_wconf 70' lang='lat' dir='ltr'>sepultus</span> <span class='ocrx_word' id='word_1_12' title='bbox 1137 930 1192 983; x_wconf 83' lang='lat' dir='ltr'>est,</span> <span class='ocrx_word' id='word_1_13' title='bbox 1212 932 1243 974; x_wconf 89' lang='lat' dir='ltr'>et</span> 
     </span>
     <span class='ocr_line' id='line_1_3' title="bbox 175 1003 1238 1075; baseline 0.002 -20"><span class='ocrx_word' id='word_1_14' title='bbox 175 1018 248 1071; x_wconf 74' lang='lat' dir='ltr'>pist</span> <span class='ocrx_word' id='word_1_15' title='bbox 264 1003 317 1057; x_wconf 85' lang='lat' dir='ltr'>hos</span> <span class='ocrx_word' id='word_1_16' title='bbox 336 1005 527 1075; x_wconf 71' lang='lat' dir='ltr'><strong>quamplures</strong></span> <span class='ocrx_word' id='word_1_17' title='bbox 545 1022 581 1058; x_wconf 80' lang='lat' dir='ltr'>ex</span> <span class='ocrx_word' id='word_1_18' title='bbox 599 1004 711 1058; x_wconf 81' lang='lat' dir='ltr'>familia</span> <span class='ocrx_word' id='word_1_19' title='bbox 731 1005 908 1058; x_wconf 81' lang='lat' dir='ltr'>successoris</span> <span class='ocrx_word' id='word_1_20' title='bbox 925 1005 972 1058; x_wconf 84' lang='lat' dir='ltr'>sui</span> <span class='ocrx_word' id='word_1_21' title='bbox 985 1004 1104 1059; x_wconf 78' lang='lat' dir='ltr'>Milonis</span> <span class='ocrx_word' id='word_1_22' title='bbox 1123 1005 1238 1058; x_wconf 77' lang='lat' dir='ltr'>comitis</span> 
     </span>
     <span class='ocr_line' id='line_1_4' title="bbox 175 1088 1240 1159; baseline 0.004 -20"><span class='ocrx_word' id='word_1_23' title='bbox 175 1103 269 1156; x_wconf 83' lang='lat' dir='ltr'>penes</span> <span class='ocrx_word' id='word_1_24' title='bbox 294 1105 326 1141; x_wconf 85' lang='lat' dir='ltr'>se</span> <span class='ocrx_word' id='word_1_25' title='bbox 344 1089 488 1159; x_wconf 86' lang='lat' dir='ltr'>repositos</span> <span class='ocrx_word' id='word_1_26' title='bbox 514 1089 672 1159; x_wconf 65' lang='lat' dir='ltr'>quievisse,</span> <span class='ocrx_word' id='word_1_27' title='bbox 693 1106 783 1159; x_wconf 84' lang='lat' dir='ltr'>seque</span> <span class='ocrx_word' id='word_1_28' title='bbox 808 1089 839 1142; x_wconf 94' lang='lat' dir='ltr'>in</span> <span class='ocrx_word' id='word_1_29' title='bbox 857 1088 935 1142; x_wconf 87' lang='lat' dir='ltr'>huuc</span> <span class='ocrx_word' id='word_1_30' title='bbox 952 1089 1073 1143; x_wconf 89' lang='lat' dir='ltr'>modum</span> <span class='ocrx_word' id='word_1_31' title='bbox 1087 1090 1137 1158; x_wconf 88' lang='lat' dir='ltr'>jus</span> <span class='ocrx_word' id='word_1_32' title='bbox 1157 1106 1240 1159; x_wconf 85' lang='lat' dir='ltr'>sepe-</span> 
     </span>
     <span class='ocr_line' id='line_1_5' title="bbox 174 1168 1239 1242; baseline 0.005 -21"><span class='ocrx_word' id='word_1_33' title='bbox 174 1168 272 1224; x_wconf 88' lang='lat' dir='ltr'>liendi</span> <span class='ocrx_word' id='word_1_34' title='bbox 300 1188 349 1226; x_wconf 84' lang='lat' dir='ltr'>eos</span> <span class='ocrx_word' id='word_1_35' title='bbox 378 1173 430 1242; x_wconf 84' lang='lat' dir='ltr'>qui</span> <span class='ocrx_word' id='word_1_36' title='bbox 456 1173 535 1227; x_wconf 87' lang='lat' dir='ltr'>intra</span> <span class='ocrx_word' id='word_1_37' title='bbox 561 1174 651 1227; x_wconf 86' lang='lat' dir='ltr'>castri</span> <span class='ocrx_word' id='word_1_38' title='bbox 679 1172 822 1226; x_wconf 89' lang='lat' dir='ltr'>ambitum</span> <span class='ocrx_word' id='word_1_39' title='bbox 848 1170 1029 1228; x_wconf 81' lang='lat' dir='ltr'>decedebant</span> <span class='ocrx_word' id='word_1_40' title='bbox 1053 1174 1239 1228; x_wconf 74' lang='lat' dir='ltr'>continuasse</span> 
     </span>
     <span class='ocr_line' id='line_1_6' title="bbox 174 1254 1237 1327; baseline 0.006 -21"><span class='ocrx_word' id='word_1_41' title='bbox 174 1254 237 1307; x_wconf 84' lang='lat' dir='ltr'>sibi</span> <span class='ocrx_word' id='word_1_42' title='bbox 255 1273 311 1309; x_wconf 84' lang='lat' dir='ltr'>usu</span> <span class='ocrx_word' id='word_1_43' title='bbox 330 1272 359 1310; x_wconf 90' lang='lat' dir='ltr'>et</span> <span class='ocrx_word' id='word_1_44' title='bbox 378 1256 553 1327; x_wconf 76' lang='lat' dir='ltr'>antiquitate</span> <span class='ocrx_word' id='word_1_45' title='bbox 572 1275 661 1327; x_wconf 87' lang='lat' dir='ltr'>quam</span> <span class='ocrx_word' id='word_1_46' title='bbox 679 1256 797 1310; x_wconf 84' lang='lat' dir='ltr'>firmum</span> <span class='ocrx_word' id='word_1_47' title='bbox 815 1257 877 1311; x_wconf 87' lang='lat' dir='ltr'>suis</span> <span class='ocrx_word' id='word_1_48' title='bbox 896 1263 1011 1327; x_wconf 84' lang='lat' dir='ltr'>oportet</span> <span class='ocrx_word' id='word_1_49' title='bbox 1035 1274 1113 1312; x_wconf 86' lang='lat' dir='ltr'>stare</span> <span class='ocrx_word' id='word_1_50' title='bbox 1131 1258 1237 1312; x_wconf 88' lang='lat' dir='ltr'>radici·</span> 
     </span>
     <span class='ocr_line' id='line_1_7' title="bbox 175 1337 1237 1412; baseline 0.005 -20"><span class='ocrx_word' id='word_1_51' title='bbox 175 1337 246 1401; x_wconf 87' lang='lat' dir='ltr'>bus,</span> <span class='ocrx_word' id='word_1_52' title='bbox 271 1340 451 1401; x_wconf 84' lang='lat' dir='ltr'>asserebant,</span> <span class='ocrx_word' id='word_1_53' title='bbox 472 1358 538 1410; x_wconf 69' lang='lat' dir='ltr'>quai</span> <span class='ocrx_word' id='word_1_54' title='bbox 564 1358 632 1395; x_wconf 91' lang='lat' dir='ltr'>cnm</span> <span class='ocrx_word' id='word_1_55' title='bbox 657 1340 809 1411; x_wconf 84' lang='lat' dir='ltr'>productis</span> <span class='ocrx_word' id='word_1_56' title='bbox 833 1341 958 1395; x_wconf 81' lang='lat' dir='ltr'>testibus</span> <span class='ocrx_word' id='word_1_57' title='bbox 989 1342 1112 1412; x_wconf 82' lang='lat' dir='ltr'>probare</span> <span class='ocrx_word' id='word_1_58' title='bbox 1143 1342 1237 1412; x_wconf 89' lang='lat' dir='ltr'>parati</span> 
     </span>
     <span class='ocr_line' id='line_1_8' title="bbox 179 1424 1236 1497; baseline 0.004 -22"><span class='ocrx_word' id='word_1_59' title='bbox 179 1438 291 1477; x_wconf 85' lang='lat' dir='ltr'>esseut.</span> <span class='ocrx_word' id='word_1_60' title='bbox 313 1424 349 1477; x_wconf 87' lang='lat' dir='ltr'>lis</span> <span class='ocrx_word' id='word_1_61' title='bbox 369 1424 424 1477; x_wconf 88' lang='lat' dir='ltr'>hoe</span> <span class='ocrx_word' id='word_1_62' title='bbox 443 1424 562 1477; x_wconf 82' lang='lat' dir='ltr'>tandein</span> <span class='ocrx_word' id='word_1_63' title='bbox 580 1425 635 1478; x_wconf 85' lang='lat' dir='ltr'>line</span> <span class='ocrx_word' id='word_1_64' title='bbox 654 1425 777 1495; x_wconf 80' lang='lat' dir='ltr'>quievit.</span> <span class='ocrx_word' id='word_1_65' title='bbox 792 1425 923 1479; x_wconf 90' lang='lat' dir='ltr'>canonici</span> <span class='ocrx_word' id='word_1_66' title='bbox 942 1442 1047 1497; x_wconf 87' lang='lat' dir='ltr'>corpus</span> <span class='ocrx_word' id='word_1_67' title='bbox 1066 1428 1180 1481; x_wconf 85' lang='lat' dir='ltr'>comitis</span> <span class='ocrx_word' id='word_1_68' title='bbox 1199 1426 1236 1480; x_wconf 91' lang='lat' dir='ltr'>de</span> 
     </span>
     <span class='ocr_line' id='line_1_9' title="bbox 173 1508 1234 1580; baseline 0.005 -21"><span class='ocrx_word' id='word_1_69' title='bbox 173 1523 238 1574; x_wconf 76' lang='lat' dir='ltr'>quo</span> <span class='ocrx_word' id='word_1_70' title='bbox 255 1522 319 1561; x_wconf 88' lang='lat' dir='ltr'>erat</span> <span class='ocrx_word' id='word_1_71' title='bbox 336 1508 484 1561; x_wconf 86' lang='lat' dir='ltr'>contentio</span> <span class='ocrx_word' id='word_1_72' title='bbox 500 1508 543 1561; x_wconf 92' lang='lat' dir='ltr'>nil</span> <span class='ocrx_word' id='word_1_73' title='bbox 569 1509 626 1562; x_wconf 86' lang='lat' dir='ltr'>sibi</span> <span class='ocrx_word' id='word_1_74' title='bbox 649 1509 728 1578; x_wconf 86' lang='lat' dir='ltr'>juris</span> <span class='ocrx_word' id='word_1_75' title='bbox 745 1508 933 1563; x_wconf 71' lang='lat' dir='ltr'>vendicantes</span> <span class='ocrx_word' id='word_1_76' title='bbox 954 1510 984 1563; x_wconf 92' lang='lat' dir='ltr'>in</span> <span class='ocrx_word' id='word_1_77' title='bbox 1002 1511 1066 1580; x_wconf 84' lang='lat' dir='ltr'>ipso</span> <span class='ocrx_word' id='word_1_78' title='bbox 1085 1510 1234 1564; x_wconf 83' lang='lat' dir='ltr'>monachis</span> 
     </span>
     <span class='ocr_line' id='line_1_10' title="bbox 173 1587 1233 1663; baseline 0.005 -21"><span class='ocrx_word' id='word_1_79' title='bbox 173 1587 305 1643; x_wconf 87' lang='lat' dir='ltr'>liberum</span> <span class='ocrx_word' id='word_1_80' title='bbox 323 1606 353 1645; x_wconf 90' lang='lat' dir='ltr'>et</span> <span class='ocrx_word' id='word_1_81' title='bbox 371 1591 505 1661; x_wconf 82' lang='lat' dir='ltr'>quietum</span> <span class='ocrx_word' id='word_1_82' title='bbox 523 1590 708 1656; x_wconf 87' lang='lat' dir='ltr'>dimiserunt,</span> <span class='ocrx_word' id='word_1_83' title='bbox 728 1593 863 1646; x_wconf 84' lang='lat' dir='ltr'>monaehi</span> <span class='ocrx_word' id='word_1_84' title='bbox 881 1610 951 1646; x_wconf 77' lang='lat' dir='ltr'>vero</span> <span class='ocrx_word' id='word_1_85' title='bbox 977 1591 1113 1663; x_wconf 88' lang='lat' dir='ltr'>precibus</span> <span class='ocrx_word' id='word_1_86' title='bbox 1133 1611 1233 1647; x_wconf 88' lang='lat' dir='ltr'>eornm</span> 
     </span>
     <span class='ocr_line' id='line_1_11' title="bbox 172 1675 1232 1747; baseline 0.008 -23"><span class='ocrx_word' id='word_1_87' title='bbox 172 1690 303 1741; x_wconf 81' lang='lat' dir='ltr'>quorum</span> <span class='ocrx_word' id='word_1_88' title='bbox 328 1675 359 1727; x_wconf 92' lang='lat' dir='ltr'>in</span> <span class='ocrx_word' id='word_1_89' title='bbox 385 1689 466 1729; x_wconf 89' lang='lat' dir='ltr'>carta</span> <span class='ocrx_word' id='word_1_90' title='bbox 491 1675 601 1729; x_wconf 86' lang='lat' dir='ltr'>domiui</span> <span class='ocrx_word' id='word_1_91' title='bbox 629 1676 854 1747; x_wconf 77' lang='lat' dir='ltr'>Wygorniensis</span> <span class='ocrx_word' id='word_1_92' title='bbox 884 1676 1109 1746; x_wconf 68' lang='lat' dir='ltr'>praedecessoris</span> <span class='ocrx_word' id='word_1_93' title='bbox 1140 1678 1232 1732; x_wconf 87' lang='lat' dir='ltr'>nostri</span> 
     </span>
     <span class='ocr_line' id='line_1_12' title="bbox 172 1755 1231 1831; baseline 0.005 -22"><span class='ocrx_word' id='word_1_94' title='bbox 172 1755 208 1810; x_wconf 87' lang='lat' dir='ltr'>fit</span> <span class='ocrx_word' id='word_1_95' title='bbox 240 1758 350 1812; x_wconf 86' lang='lat' dir='ltr'>mentio</span> <span class='ocrx_word' id='word_1_96' title='bbox 380 1776 483 1829; x_wconf 81' lang='lat' dir='ltr'>eorpus</span> <span class='ocrx_word' id='word_1_97' title='bbox 515 1759 612 1829; x_wconf 88' lang='lat' dir='ltr'>ipsum</span> <span class='ocrx_word' id='word_1_98' title='bbox 644 1760 674 1812; x_wconf 91' lang='lat' dir='ltr'>in</span> <span class='ocrx_word' id='word_1_99' title='bbox 704 1760 828 1814; x_wconf 85' lang='lat' dir='ltr'>ecclesia</span> <span class='ocrx_word' id='word_1_100' title='bbox 857 1760 895 1814; x_wconf 85' lang='lat' dir='ltr'>de</span> <span class='ocrx_word' id='word_1_101' title='bbox 919 1761 1049 1815; x_wconf 88' lang='lat' dir='ltr'>Lantona</span> <span class='ocrx_word' id='word_1_102' title='bbox 1077 1760 1107 1814; x_wconf 91' lang='lat' dir='ltr'>iu</span> <span class='ocrx_word' id='word_1_103' title='bbox 1143 1780 1231 1831; x_wconf 82' lang='lat' dir='ltr'>quani</span> 
     </span>
     <span class='ocr_line' id='line_1_13' title="bbox 171 1840 1230 1913; baseline 0.006 -20"><span class='ocrx_word' id='word_1_104' title='bbox 171 1840 299 1894; x_wconf 83' lang='lat' dir='ltr'>allatum</span> <span class='ocrx_word' id='word_1_105' title='bbox 319 1843 414 1896; x_wconf 83' lang='lat' dir='ltr'>luerat</span> <span class='ocrx_word' id='word_1_106' title='bbox 439 1843 599 1913; x_wconf 73' lang='lat' dir='ltr'>sepultura</span> <span class='ocrx_word' id='word_1_107' title='bbox 617 1843 695 1898; x_wconf 87' lang='lat' dir='ltr'>tradi</span> <span class='ocrx_word' id='word_1_108' title='bbox 723 1860 939 1907; x_wconf 83' lang='lat' dir='ltr'>concesserunt,</span> <span class='ocrx_word' id='word_1_109' title='bbox 958 1844 1013 1899; x_wconf 86' lang='lat' dir='ltr'>hac</span> <span class='ocrx_word' id='word_1_110' title='bbox 1039 1854 1136 1898; x_wconf 85' lang='lat' dir='ltr'>tamen</span> <span class='ocrx_word' id='word_1_111' title='bbox 1164 1864 1230 1899; x_wconf 91' lang='lat' dir='ltr'>con·</span> 
     </span>
     <span class='ocr_line' id='line_1_14' title="bbox 170 1924 1231 1998; baseline 0.006 -22"><span class='ocrx_word' id='word_1_112' title='bbox 170 1924 287 1978; x_wconf 80' lang='lat' dir='ltr'>ditione</span> <span class='ocrx_word' id='word_1_113' title='bbox 305 1926 384 1996; x_wconf 71' lang='lat' dir='ltr'>(fund</span> <span class='ocrx_word' id='word_1_114' title='bbox 407 1927 537 1981; x_wconf 86' lang='lat' dir='ltr'>canonici</span> <span class='ocrx_word' id='word_1_115' title='bbox 563 1928 620 1998; x_wconf 81' lang='lat' dir='ltr'>ipsi</span> <span class='ocrx_word' id='word_1_116' title='bbox 648 1927 798 1981; x_wconf 89' lang='lat' dir='ltr'>dominnm</span> <span class='ocrx_word' id='word_1_117' title='bbox 819 1928 967 1998; x_wconf 82' lang='lat' dir='ltr'>Rogemm</span> <span class='ocrx_word' id='word_1_118' title='bbox 996 1929 1089 1982; x_wconf 88' lang='lat' dir='ltr'>filium</span> <span class='ocrx_word' id='word_1_119' title='bbox 1114 1930 1231 1983; x_wconf 82' lang='lat' dir='ltr'>comitis</span> 
     </span>
     <span class='ocr_line' id='line_1_15' title="bbox 169 2010 1231 2082; baseline 0.005 -22"><span class='ocrx_word' id='word_1_120' title='bbox 169 2022 203 2061; x_wconf 83' lang='lat' dir='ltr'>et</span> <span class='ocrx_word' id='word_1_121' title='bbox 225 2027 343 2063; x_wconf 77' lang='lat' dir='ltr'>uxorem</span> <span class='ocrx_word' id='word_1_122' title='bbox 361 2011 426 2080; x_wconf 84' lang='lat' dir='ltr'>ejus</span> <span class='ocrx_word' id='word_1_123' title='bbox 444 2026 474 2064; x_wconf 86' lang='lat' dir='ltr'>et</span> <span class='ocrx_word' id='word_1_124' title='bbox 492 2010 623 2065; x_wconf 66' lang='lat' dir='ltr'>haeredes</span> <span class='ocrx_word' id='word_1_125' title='bbox 642 2029 744 2065; x_wconf 89' lang='lat' dir='ltr'>eorum</span> <span class='ocrx_word' id='word_1_126' title='bbox 762 2030 861 2066; x_wconf 75' lang='lat' dir='ltr'>omues</span> <span class='ocrx_word' id='word_1_127' title='bbox 888 2028 918 2067; x_wconf 85' lang='lat' dir='ltr'>et</span> <span class='ocrx_word' id='word_1_128' title='bbox 936 2014 1041 2082; x_wconf 81' lang='lat' dir='ltr'>quibus</span> <span class='ocrx_word' id='word_1_129' title='bbox 1062 2013 1175 2067; x_wconf 74' lang='lat' dir='ltr'>castelli</span> <span class='ocrx_word' id='word_1_130' title='bbox 1194 2012 1231 2066; x_wconf 86' lang='lat' dir='ltr'>de</span> 
     </span>
     <span class='ocr_line' id='line_1_16' title="bbox 170 2091 1229 2166; baseline 0.007 -24"><span class='ocrx_word' id='word_1_131' title='bbox 170 2091 359 2148; x_wconf 70' lang='lat' dir='ltr'>Glaucestria</span> <span class='ocrx_word' id='word_1_132' title='bbox 386 2095 460 2149; x_wconf 83' lang='lat' dir='ltr'>foret</span> <span class='ocrx_word' id='word_1_133' title='bbox 485 2096 641 2148; x_wconf 80' lang='lat' dir='ltr'>commissa</span> <span class='ocrx_word' id='word_1_134' title='bbox 671 2096 804 2150; x_wconf 86' lang='lat' dir='ltr'>custodia</span> <span class='ocrx_word' id='word_1_135' title='bbox 835 2098 885 2166; x_wconf 80' lang='lat' dir='ltr'>qni</span> <span class='ocrx_word' id='word_1_136' title='bbox 915 2098 991 2150; x_wconf 90' lang='lat' dir='ltr'>iutra</span> <span class='ocrx_word' id='word_1_137' title='bbox 1019 2099 1108 2150; x_wconf 80' lang='lat' dir='ltr'>castri</span> <span class='ocrx_word' id='word_1_138' title='bbox 1135 2096 1229 2166; x_wconf 76' lang='lat' dir='ltr'>ipsius</span> 
     </span>
     <span class='ocr_line' id='line_1_17' title="bbox 169 2176 1227 2249; baseline 0.005 -22"><span class='ocrx_word' id='word_1_139' title='bbox 169 2176 319 2230; x_wconf 82' lang='lat' dir='ltr'>ambitum</span> <span class='ocrx_word' id='word_1_140' title='bbox 346 2178 414 2231; x_wconf 71' lang='lat' dir='ltr'>ritae</span> <span class='ocrx_word' id='word_1_141' title='bbox 433 2178 520 2231; x_wconf 88' lang='lat' dir='ltr'>finem</span> <span class='ocrx_word' id='word_1_142' title='bbox 538 2178 717 2244; x_wconf 78' lang='lat' dir='ltr'>clauderent,</span> <span class='ocrx_word' id='word_1_143' title='bbox 737 2180 868 2234; x_wconf 66' lang='lat' dir='ltr'>ecelesia}</span> <span class='ocrx_word' id='word_1_144' title='bbox 887 2180 972 2234; x_wconf 84' lang='lat' dir='ltr'>Beati</span> <span class='ocrx_word' id='word_1_145' title='bbox 990 2180 1071 2233; x_wconf 86' lang='lat' dir='ltr'>Petri</span> <span class='ocrx_word' id='word_1_146' title='bbox 1091 2180 1128 2233; x_wconf 89' lang='lat' dir='ltr'>ad</span> <span class='ocrx_word' id='word_1_147' title='bbox 1147 2197 1227 2249; x_wconf 80' lang='lat' dir='ltr'>sepe-</span> 
     </span>
     <span class='ocr_line' id='line_1_18' title="bbox 167 2258 1227 2333; baseline 0.007 -23"><span class='ocrx_word' id='word_1_148' title='bbox 167 2258 286 2313; x_wconf 82' lang='lat' dir='ltr'>liendos</span> <span class='ocrx_word' id='word_1_149' title='bbox 297 2261 404 2315; x_wconf 86' lang='lat' dir='ltr'>liberos</span> <span class='ocrx_word' id='word_1_150' title='bbox 415 2276 444 2315; x_wconf 84' lang='lat' dir='ltr'>et</span> <span class='ocrx_word' id='word_1_151' title='bbox 456 2262 569 2332; x_wconf 82' lang='lat' dir='ltr'>quietos</span> <span class='ocrx_word' id='word_1_152' title='bbox 580 2262 689 2333; x_wconf 83' lang='lat' dir='ltr'>absque</span> <span class='ocrx_word' id='word_1_153' title='bbox 702 2265 780 2317; x_wconf 91' lang='lat' dir='ltr'>omui</span> <span class='ocrx_word' id='word_1_154' title='bbox 794 2263 998 2317; x_wconf 77' lang='lat' dir='ltr'>reclamatione</span> <span class='ocrx_word' id='word_1_155' title='bbox 1012 2272 1227 2325; x_wconf 81' lang='lat' dir='ltr'>concesserunt,</span> 
     </span>
     <span class='ocr_line' id='line_1_19' title="bbox 168 2343 1227 2418; baseline 0.004 -22"><span class='ocrx_word' id='word_1_156' title='bbox 168 2343 229 2397; x_wconf 82' lang='lat' dir='ltr'>hoc</span> <span class='ocrx_word' id='word_1_157' title='bbox 242 2345 320 2414; x_wconf 78' lang='lat' dir='ltr'>quod</span> <span class='ocrx_word' id='word_1_158' title='bbox 330 2345 558 2399; x_wconf 86' lang='lat' dir='ltr'>confirmandum</span> <span class='ocrx_word' id='word_1_159' title='bbox 577 2362 754 2401; x_wconf 81' lang='lat' dir='ltr'>memoratus</span> <span class='ocrx_word' id='word_1_160' title='bbox 770 2344 900 2417; x_wconf 73' lang='lat' dir='ltr'>S[imou]</span> <span class='ocrx_word' id='word_1_161' title='bbox 914 2347 1137 2418; x_wconf 68' lang='lat' dir='ltr'>Wygornieusis</span> <span class='ocrx_word' id='word_1_162' title='bbox 1158 2362 1227 2401; x_wconf 88' lang='lat' dir='ltr'>tune</span> 
     </span>
     <span class='ocr_line' id='line_1_20' title="bbox 167 2428 1229 2500; baseline 0.003 -20"><span class='ocrx_word' id='word_1_163' title='bbox 167 2428 327 2498; x_wconf 77' lang='lat' dir='ltr'>episcopus</span> <span class='ocrx_word' id='word_1_164' title='bbox 340 2429 492 2500; x_wconf 85' lang='lat' dir='ltr'>Bogerum</span> <span class='ocrx_word' id='word_1_165' title='bbox 510 2430 646 2484; x_wconf 88' lang='lat' dir='ltr'>comitem</span> <span class='ocrx_word' id='word_1_166' title='bbox 659 2430 754 2484; x_wconf 86' lang='lat' dir='ltr'>filium</span> <span class='ocrx_word' id='word_1_167' title='bbox 771 2431 891 2484; x_wconf 77' lang='lat' dir='ltr'>Milonis</span> <span class='ocrx_word' id='word_1_168' title='bbox 911 2431 1028 2484; x_wconf 82' lang='lat' dir='ltr'>comitis</span> <span class='ocrx_word' id='word_1_169' title='bbox 1046 2448 1135 2484; x_wconf 85' lang='lat' dir='ltr'>mann</span> <span class='ocrx_word' id='word_1_170' title='bbox 1153 2431 1229 2485; x_wconf 87' lang='lat' dir='ltr'>acci-</span> 
     </span>
     <span class='ocr_line' id='line_1_21' title="bbox 166 2512 1227 2584; baseline 0.005 -21"><span class='ocrx_word' id='word_1_171' title='bbox 166 2512 254 2581; x_wconf 82' lang='lat' dir='ltr'>piens</span> <span class='ocrx_word' id='word_1_172' title='bbox 267 2512 409 2583; x_wconf 77' lang='lat' dir='ltr'>nobisque</span> <span class='ocrx_word' id='word_1_173' title='bbox 422 2513 540 2567; x_wconf 82' lang='lat' dir='ltr'>tradens</span> <span class='ocrx_word' id='word_1_174' title='bbox 553 2514 605 2583; x_wconf 89' lang='lat' dir='ltr'>qui</span> <span class='ocrx_word' id='word_1_175' title='bbox 617 2522 686 2568; x_wconf 88' lang='lat' dir='ltr'>tunc</span> <span class='ocrx_word' id='word_1_176' title='bbox 699 2513 891 2568; x_wconf 76' lang='lat' dir='ltr'>Gloucestriae</span> <span class='ocrx_word' id='word_1_177' title='bbox 904 2531 1081 2584; x_wconf 71' lang='lat' dir='ltr'>praeeramus</span> <span class='ocrx_word' id='word_1_178' title='bbox 1095 2514 1227 2568; x_wconf 69' lang='lat' dir='ltr'>ecclesiae</span> 
     </span>
     <span class='ocr_line' id='line_1_22' title="bbox 166 2596 1227 2667; baseline 0.005 -21"><span class='ocrx_word' id='word_1_179' title='bbox 166 2596 271 2664; x_wconf 68' lang='lat' dir='ltr'>ipsum</span> <span class='ocrx_word' id='word_1_180' title='bbox 296 2610 327 2651; x_wconf 87' lang='lat' dir='ltr'>et</span> <span class='ocrx_word' id='word_1_181' title='bbox 353 2614 536 2652; x_wconf 78' lang='lat' dir='ltr'>successores</span> <span class='ocrx_word' id='word_1_182' title='bbox 561 2597 625 2667; x_wconf 80' lang='lat' dir='ltr'>ejus</span> <span class='ocrx_word' id='word_1_183' title='bbox 654 2597 785 2651; x_wconf 65' lang='lat' dir='ltr'>eeclesiae</span> <span class='ocrx_word' id='word_1_184' title='bbox 805 2597 904 2651; x_wconf 81' lang='lat' dir='ltr'>Sancti</span> <span class='ocrx_word' id='word_1_185' title='bbox 924 2598 1005 2651; x_wconf 84' lang='lat' dir='ltr'>Petri</span> <span class='ocrx_word' id='word_1_186' title='bbox 1030 2597 1179 2651; x_wconf 77' lang='lat' dir='ltr'>atitulavit</span> <span class='ocrx_word' id='word_1_187' title='bbox 1197 2610 1227 2652; x_wconf 89' lang='lat' dir='ltr'>et</span> 
     </span>
     <span class='ocr_line' id='line_1_23' title="bbox 166 2679 1224 2752; baseline 0.004 -21"><span class='ocrx_word' id='word_1_188' title='bbox 166 2679 201 2731; x_wconf 82' lang='lat' dir='ltr'>in</span> <span class='ocrx_word' id='word_1_189' title='bbox 217 2697 251 2732; x_wconf 89' lang='lat' dir='ltr'>ea</span> <span class='ocrx_word' id='word_1_190' title='bbox 269 2680 451 2751; x_wconf 84' lang='lat' dir='ltr'>sepeliendos</span> <span class='ocrx_word' id='word_1_191' title='bbox 469 2696 499 2735; x_wconf 86' lang='lat' dir='ltr'>et</span> <span class='ocrx_word' id='word_1_192' title='bbox 515 2682 679 2735; x_wconf 86' lang='lat' dir='ltr'>humandos</span> <span class='ocrx_word' id='word_1_193' title='bbox 693 2683 851 2752; x_wconf 82' lang='lat' dir='ltr'>episcopali</span> <span class='ocrx_word' id='word_1_194' title='bbox 870 2682 1043 2736; x_wconf 85' lang='lat' dir='ltr'>auctoritate</span> <span class='ocrx_word' id='word_1_195' title='bbox 1062 2681 1224 2735; x_wconf 70' lang='lat' dir='ltr'>constituit.</span> 
     </span>
    </p>

    <p class='ocr_par' dir='ltr' id='par_1_3' title="bbox 164 2761 1225 3086">
     <span class='ocr_line' id='line_1_24' title="bbox 208 2761 1224 2835; baseline 0.002 -19"><span class='ocrx_word' id='word_1_196' title='bbox 208 2761 283 2830; x_wconf 86' lang='lat' dir='ltr'>Quia</span> <span class='ocrx_word' id='word_1_197' title='bbox 300 2782 371 2819; x_wconf 76' lang='lat' dir='ltr'>vero</span> <span class='ocrx_word' id='word_1_198' title='bbox 387 2765 446 2819; x_wconf 80' lang='lat' dir='ltr'>hiis</span> <span class='ocrx_word' id='word_1_199' title='bbox 470 2765 591 2835; x_wconf 83' lang='lat' dir='ltr'>agendis</span> <span class='ocrx_word' id='word_1_200' title='bbox 611 2766 807 2825; x_wconf 75' lang='lat' dir='ltr'>interfuimus,</span> <span class='ocrx_word' id='word_1_201' title='bbox 828 2776 857 2819; x_wconf 92' lang='lat' dir='ltr'>et</span> <span class='ocrx_word' id='word_1_202' title='bbox 881 2765 944 2818; x_wconf 71' lang='lat' dir='ltr'>haec</span> <span class='ocrx_word' id='word_1_203' title='bbox 963 2766 992 2819; x_wconf 91' lang='lat' dir='ltr'>in</span> <span class='ocrx_word' id='word_1_204' title='bbox 1011 2766 1087 2818; x_wconf 88' lang='lat' dir='ltr'>hunc</span> <span class='ocrx_word' id='word_1_205' title='bbox 1106 2766 1224 2818; x_wconf 90' lang='lat' dir='ltr'>modum</span> 
     </span>
     <span class='ocr_line' id='line_1_25' title="bbox 164 2848 1224 2920; baseline 0.003 -22"><span class='ocrx_word' id='word_1_206' title='bbox 164 2849 348 2916; x_wconf 68' lang='lat' dir='ltr'>porcessisse</span> <span class='ocrx_word' id='word_1_207' title='bbox 366 2866 420 2919; x_wconf 87' lang='lat' dir='ltr'>pro</span> <span class='ocrx_word' id='word_1_208' title='bbox 437 2864 518 2903; x_wconf 89' lang='lat' dir='ltr'>certo</span> <span class='ocrx_word' id='word_1_209' title='bbox 535 2849 680 2912; x_wconf 71' lang='lat' dir='ltr'>ncirimus,</span> <span class='ocrx_word' id='word_1_210' title='bbox 700 2866 735 2902; x_wconf 83' lang='lat' dir='ltr'>ea</span> <span class='ocrx_word' id='word_1_211' title='bbox 760 2848 899 2920; x_wconf 80' lang='lat' dir='ltr'>praesenti</span> <span class='ocrx_word' id='word_1_212' title='bbox 919 2849 1029 2918; x_wconf 86' lang='lat' dir='ltr'>scripto</span> <span class='ocrx_word' id='word_1_213' title='bbox 1048 2848 1224 2903; x_wconf 82' lang='lat' dir='ltr'>fraternitati</span> 
     </span>
     <span class='ocr_line' id='line_1_26' title="bbox 167 2932 1225 3003; baseline 0.004 -20"><span class='ocrx_word' id='word_1_214' title='bbox 167 2944 278 2984; x_wconf 73' lang='lat' dir='ltr'>restra·</span> <span class='ocrx_word' id='word_1_215' title='bbox 297 2933 490 2997; x_wconf 81' lang='lat' dir='ltr'>notificamus,</span> <span class='ocrx_word' id='word_1_216' title='bbox 511 2950 599 3003; x_wconf 75' lang='lat' dir='ltr'>qum</span> <span class='ocrx_word' id='word_1_217' title='bbox 617 2940 698 2987; x_wconf 87' lang='lat' dir='ltr'>recte</span> <span class='ocrx_word' id='word_1_218' title='bbox 717 2949 834 3002; x_wconf 84' lang='lat' dir='ltr'>semper</span> <span class='ocrx_word' id='word_1_219' title='bbox 853 2932 988 2986; x_wconf 87' lang='lat' dir='ltr'>incedere</span> <span class='ocrx_word' id='word_1_220' title='bbox 1010 2948 1040 2986; x_wconf 90' lang='lat' dir='ltr'>et</span> <span class='ocrx_word' id='word_1_221' title='bbox 1067 2950 1085 2987; x_wconf 90' lang='lat' dir='ltr'>a</span> <span class='ocrx_word' id='word_1_222' title='bbox 1102 2934 1151 2987; x_wconf 83' lang='lat' dir='ltr'>via</span> <span class='ocrx_word' id='word_1_223' title='bbox 1169 2951 1225 2987; x_wconf 88' lang='lat' dir='ltr'>non</span> 
     </span>
     <span class='ocr_line' id='line_1_27' title="bbox 164 3014 689 3086; baseline 0.006 -20"><span class='ocrx_word' id='word_1_224' title='bbox 164 3014 320 3068; x_wconf 82' lang='lat' dir='ltr'>declinare</span> <span class='ocrx_word' id='word_1_225' title='bbox 333 3016 459 3085; x_wconf 81' lang='lat' dir='ltr'>justitiae</span> <span class='ocrx_word' id='word_1_226' title='bbox 481 3026 689 3086; x_wconf 74' lang='lat' dir='ltr'>praeptamus.</span> 
     </span>
    </p>

    <p class='ocr_par' dir='ltr' id='par_1_4' title="bbox 207 3097 697 3164">
     <span class='ocr_line' id='line_1_28' title="bbox 207 3097 697 3164; baseline 0 -13"><span class='ocrx_word' id='word_1_227' title='bbox 207 3097 313 3153; x_wconf 73' lang='lat' dir='ltr'>Valeat</span> <span class='ocrx_word' id='word_1_228' title='bbox 329 3100 360 3152; x_wconf 92' lang='lat' dir='ltr'>in</span> <span class='ocrx_word' id='word_1_229' title='bbox 380 3099 515 3164; x_wconf 76' lang='lat' dir='ltr'>Domino,</span> <span class='ocrx_word' id='word_1_230' title='bbox 534 3100 697 3153; x_wconf 82' lang='lat' dir='ltr'>carissime.</span> 
     </span>
    </p>
   </div>
   <div class='ocr_carea' id='block_1_3' title="bbox 167 3328 1225 3519">
    <p class='ocr_par' dir='ltr' id='par_1_5' title="bbox 167 3328 1225 3519">
     <span class='ocr_line' id='line_1_29' title="bbox 167 3328 1225 3415; baseline 0.002 -22"><span class='ocrx_word' id='word_1_231' title='bbox 167 3328 229 3393; x_wconf 70' lang='lat' dir='ltr'>IV.</span> <span class='ocrx_word' id='word_1_232' title='bbox 256 3331 460 3415; x_wconf 67' lang='lat' dir='ltr'>s&#39;ooapoaitio</span> <span class='ocrx_word' id='word_1_233' title='bbox 497 3332 586 3395; x_wconf 72' lang='lat' dir='ltr'>inter</span> <span class='ocrx_word' id='word_1_234' title='bbox 620 3330 772 3396; x_wconf 80' lang='lat' dir='ltr'>abbatem</span> <span class='ocrx_word' id='word_1_235' title='bbox 805 3339 834 3394; x_wconf 78' lang='lat' dir='ltr'>et</span> <span class='ocrx_word' id='word_1_236' title='bbox 865 3329 1019 3414; x_wconf 60' lang='lat' dir='ltr'>priorem</span> <span class='ocrx_word' id='word_1_237' title='bbox 1041 3328 1225 3395; x_wconf 76' lang='lat' dir='ltr'>Lantooim</span> 
     </span>
     <span class='ocr_line' id='line_1_30' title="bbox 569 3431 828 3519; baseline 0 -22"><span class='ocrx_word' id='word_1_238' title='bbox 569 3433 609 3497; x_wconf 69' lang='lat' dir='ltr'>tle</span> <span class='ocrx_word' id='word_1_239' title='bbox 631 3431 828 3519; x_wconf 69' lang='lat' dir='ltr'>sepeliaris.</span> 
     </span>
    </p>
   </div>
   <div class='ocr_carea' id='block_1_4' title="bbox 511 3584 883 3648">
    <p class='ocr_par' dir='ltr' id='par_1_6' title="bbox 511 3584 883 3648">
     <span class='ocr_line' id='line_1_31' title="bbox 511 3584 883 3648; baseline -0.008 -13"><span class='ocrx_word' id='word_1_240' title='bbox 511 3584 602 3647; x_wconf 71' lang='lat' dir='ltr'>(from</span> <span class='ocrx_word' id='word_1_241' title='bbox 614 3584 657 3635; x_wconf 85' lang='lat' dir='ltr'>the</span> <span class='ocrx_word' id='word_1_242' title='bbox 668 3584 883 3648; x_wconf 73' lang='lat' dir='ltr'>mellegiater.)</span> 
     </span>
    </p>
   </div>
   <div class='ocr_carea' id='block_1_5' title="bbox 160 3698 1391 4610">
    <p class='ocr_par' dir='ltr' id='par_1_7' title="bbox 160 3698 1391 4610">
     <span class='ocr_line' id='line_1_32' title="bbox 204 3698 1391 3773; baseline 0.002 -18"><span class='ocrx_word' id='word_1_243' title='bbox 204 3700 241 3755; x_wconf 88' lang='lat' dir='ltr'>In</span> <span class='ocrx_word' id='word_1_244' title='bbox 266 3701 375 3756; x_wconf 86' lang='lat' dir='ltr'>honore</span> <span class='ocrx_word' id='word_1_245' title='bbox 394 3701 509 3757; x_wconf 72' lang='lat' dir='ltr'>Sanctae</span> <span class='ocrx_word' id='word_1_246' title='bbox 536 3716 624 3773; x_wconf 83' lang='lat' dir='ltr'>atque</span> <span class='ocrx_word' id='word_1_247' title='bbox 651 3702 816 3756; x_wconf 80' lang='lat' dir='ltr'>Individuae</span> <span class='ocrx_word' id='word_1_248' title='bbox 842 3700 1006 3763; x_wconf 82' lang='lat' dir='ltr'>Trinitatis,</span> <span class='ocrx_word' id='word_1_249' title='bbox 1026 3706 1056 3753; x_wconf 88' lang='lat' dir='ltr'>et</span> <span class='ocrx_word' id='word_1_250' title='bbox 1080 3698 1391 3767; x_wconf 75' lang='lat' dir='ltr'>GloriosteA.D.1197,</span> 
     </span>
     <span class='ocr_line' id='line_1_33' title="bbox 163 3769 1350 3855; baseline -0.003 -17"><span class='ocrx_word' id='word_1_251' title='bbox 163 3784 303 3855; x_wconf 73' lang='lat' dir='ltr'>Virginis</span> <span class='ocrx_word' id='word_1_252' title='bbox 331 3785 445 3849; x_wconf 66' lang='lat' dir='ltr'>Mariae,</span> <span class='ocrx_word' id='word_1_253' title='bbox 472 3800 503 3840; x_wconf 88' lang='lat' dir='ltr'>et</span> <span class='ocrx_word' id='word_1_254' title='bbox 532 3786 691 3840; x_wconf 87' lang='lat' dir='ltr'>Beatorum</span> <span class='ocrx_word' id='word_1_255' title='bbox 722 3784 930 3854; x_wconf 76' lang='lat' dir='ltr'>Apostolorum</span> <span class='ocrx_word' id='word_1_256' title='bbox 961 3782 1043 3836; x_wconf 82' lang='lat' dir='ltr'>Petri</span> <span class='ocrx_word' id='word_1_257' title='bbox 1068 3792 1097 3836; x_wconf 88' lang='lat' dir='ltr'>et</span> <span class='ocrx_word' id='word_1_258' title='bbox 1124 3781 1220 3845; x_wconf 90' lang='lat' dir='ltr'>Pauli,</span> <span class='ocrx_word' id='word_1_259' title='bbox 1234 3769 1298 3835; x_wconf 64' lang='lat'>5¹¹¹!</span> <span class='ocrx_word' id='word_1_260' title='bbox 1312 3777 1350 3823; x_wconf 87' lang='lat'>¹¹·</span> 
     </span>
     <span class='ocr_line' id='line_1_34' title="bbox 163 3861 1365 3938; baseline -0.003 -15"><span class='ocrx_word' id='word_1_261' title='bbox 163 3888 242 3923; x_wconf 79' lang='lat' dir='ltr'>anuo</span> <span class='ocrx_word' id='word_1_262' title='bbox 261 3870 423 3925; x_wconf 79' lang='lat' dir='ltr'>Dominicae</span> <span class='ocrx_word' id='word_1_263' title='bbox 441 3870 654 3925; x_wconf 80' lang='lat' dir='ltr'>Iueamationis</span> <span class='ocrx_word' id='word_1_264' title='bbox 679 3869 837 3923; x_wconf 89' lang='lat' dir='ltr'>millesimo</span> <span class='ocrx_word' id='word_1_265' title='bbox 855 3867 1014 3921; x_wconf 86' lang='lat' dir='ltr'>centesimo</span> <span class='ocrx_word' id='word_1_266' title='bbox 1032 3867 1222 3936; x_wconf 78' lang='lat' dir='ltr'>nonagesimo</span> <span class='ocrx_word' id='word_1_267' title='bbox 1234 3861 1365 3938; x_wconf 57' lang='lat' dir='ltr'>§omposi-</span> 
     </span>
     <span class='ocr_line' id='line_1_35' title="bbox 163 3930 1367 4047; baseline -0.003 -40"><span class='ocrx_word' id='word_1_268' title='bbox 163 3955 301 4024; x_wconf 77' lang='lat' dir='ltr'>septimo,</span> <span class='ocrx_word' id='word_1_269' title='bbox 320 3953 370 4008; x_wconf 86' lang='lat' dir='ltr'>die</span> <span class='ocrx_word' id='word_1_270' title='bbox 388 3954 588 4009; x_wconf 84' lang='lat' dir='ltr'>translationis</span> <span class='ocrx_word' id='word_1_271' title='bbox 614 3954 713 4009; x_wconf 88' lang='lat' dir='ltr'>Sancti</span> <span class='ocrx_word' id='word_1_272' title='bbox 732 3951 896 4013; x_wconf 83' lang='lat' dir='ltr'>Benedicti,</span> <span class='ocrx_word' id='word_1_273' title='bbox 917 3951 993 4004; x_wconf 71' lang='lat' dir='ltr'>lacot</span> <span class='ocrx_word' id='word_1_274' title='bbox 1011 3964 1057 4004; x_wconf 82' lang='lat' dir='ltr'>est</span> <span class='ocrx_word' id='word_1_275' title='bbox 1074 3950 1136 4004; x_wconf 73' lang='lat' dir='ltr'>haec</span> <span class='ocrx_word' id='word_1_276' title='bbox 1154 3967 1221 4004; x_wconf 87' lang='lat' dir='ltr'>con·</span> <span class='ocrx_word' id='word_1_277' title='bbox 1233 3930 1367 4047; x_wconf 36' lang='lat'>2⁰20&amp;</span> 
     </span>
     <span class='ocr_line' id='line_1_36' title="bbox 162 4033 1389 4111; baseline -0.002 -22"><span class='ocrx_word' id='word_1_278' title='bbox 162 4039 264 4092; x_wconf 74' lang='lat' dir='ltr'>ventio</span> <span class='ocrx_word' id='word_1_279' title='bbox 295 4038 372 4092; x_wconf 91' lang='lat' dir='ltr'>inter</span> <span class='ocrx_word' id='word_1_280' title='bbox 402 4038 544 4093; x_wconf 87' lang='lat' dir='ltr'>Thomam</span> <span class='ocrx_word' id='word_1_281' title='bbox 574 4038 709 4092; x_wconf 87' lang='lat' dir='ltr'>abbatem</span> <span class='ocrx_word' id='word_1_282' title='bbox 740 4048 769 4091; x_wconf 89' lang='lat' dir='ltr'>et</span> <span class='ocrx_word' id='word_1_283' title='bbox 800 4046 976 4089; x_wconf 75' lang='lat' dir='ltr'>conventum</span> <span class='ocrx_word' id='word_1_284' title='bbox 1007 4033 1107 4088; x_wconf 84' lang='lat' dir='ltr'>Sancti</span> <span class='ocrx_word' id='word_1_285' title='bbox 1138 4033 1221 4088; x_wconf 85' lang='lat' dir='ltr'>Petri</span> <span class='ocrx_word' id='word_1_286' title='bbox 1233 4061 1389 4111; x_wconf 53' lang='lat' dir='ltr'>peter-md</span> 
     </span>
     <span class='ocr_line' id='line_1_37' title="bbox 162 4116 1370 4193; baseline 0.002 -19"><span class='ocrx_word' id='word_1_287' title='bbox 162 4120 359 4176; x_wconf 78' lang='lat' dir='ltr'>Glaucestriae</span> <span class='ocrx_word' id='word_1_288' title='bbox 384 4135 415 4177; x_wconf 86' lang='lat' dir='ltr'>et</span> <span class='ocrx_word' id='word_1_289' title='bbox 439 4120 606 4176; x_wconf 81' lang='lat' dir='ltr'>Galsridnm</span> <span class='ocrx_word' id='word_1_290' title='bbox 636 4122 764 4193; x_wconf 83' lang='lat' dir='ltr'>priorem</span> <span class='ocrx_word' id='word_1_291' title='bbox 795 4132 825 4172; x_wconf 91' lang='lat' dir='ltr'>et</span> <span class='ocrx_word' id='word_1_292' title='bbox 854 4132 1030 4171; x_wconf 70' lang='lat' dir='ltr'>contentum</span> <span class='ocrx_word' id='word_1_293' title='bbox 1060 4116 1370 4193; x_wconf 74' lang='lat' dir='ltr'>Lantonioe‚1anthony</span> 
     </span>
     <span class='ocr_line' id='line_1_38' title="bbox 162 4195 1387 4276; baseline -0.007 -17"><span class='ocrx_word' id='word_1_294' title='bbox 162 4204 243 4274; x_wconf 60' lang='lat' dir='ltr'>‘guod</span> <span class='ocrx_word' id='word_1_295' title='bbox 261 4206 287 4259; x_wconf 88' lang='lat' dir='ltr'>si</span> <span class='ocrx_word' id='word_1_296' title='bbox 307 4205 414 4275; x_wconf 80' lang='lat' dir='ltr'>aliquis</span> <span class='ocrx_word' id='word_1_297' title='bbox 440 4205 476 4258; x_wconf 90' lang='lat' dir='ltr'>de</span> <span class='ocrx_word' id='word_1_298' title='bbox 503 4205 687 4276; x_wconf 80' lang='lat' dir='ltr'>parochianis</span> <span class='ocrx_word' id='word_1_299' title='bbox 716 4201 932 4263; x_wconf 75' lang='lat' dir='ltr'>monachorum,</span> <span class='ocrx_word' id='word_1_300' title='bbox 953 4201 1065 4255; x_wconf 84' lang='lat' dir='ltr'>scilieet</span> <span class='ocrx_word' id='word_1_301' title='bbox 1089 4201 1221 4254; x_wconf 83' lang='lat' dir='ltr'>ecclesiae</span> <span class='ocrx_word' id='word_1_302' title='bbox 1232 4195 1387 4270; x_wconf 60' lang='lat' dir='ltr'>‘puel-*ming</span> 
     </span>
     <span class='ocr_line' id='line_1_39' title="bbox 162 4259 1356 4373; baseline -0.006 -31"><span class='ocrx_word' id='word_1_303' title='bbox 162 4288 265 4342; x_wconf 68' lang='lat' dir='ltr'>Beata</span> <span class='ocrx_word' id='word_1_304' title='bbox 283 4287 388 4342; x_wconf 70' lang='lat' dir='ltr'>blariae</span> <span class='ocrx_word' id='word_1_305' title='bbox 411 4304 478 4343; x_wconf 86' lang='lat' dir='ltr'>aute</span> <span class='ocrx_word' id='word_1_306' title='bbox 504 4296 619 4360; x_wconf 87' lang='lat' dir='ltr'>portam</span> <span class='ocrx_word' id='word_1_307' title='bbox 647 4287 781 4350; x_wconf 75' lang='lat' dir='ltr'>abbatia,</span> <span class='ocrx_word' id='word_1_308' title='bbox 805 4296 834 4340; x_wconf 91' lang='lat' dir='ltr'>et</span> <span class='ocrx_word' id='word_1_309' title='bbox 863 4285 963 4340; x_wconf 85' lang='lat' dir='ltr'>Sancti</span> <span class='ocrx_word' id='word_1_310' title='bbox 983 4284 1124 4338; x_wconf 83' lang='lat' dir='ltr'>Johannis</span> <span class='ocrx_word' id='word_1_311' title='bbox 1143 4259 1356 4373; x_wconf 49' lang='lat' dir='ltr'>Bapffirhfff</span> 
     </span>
     <span class='ocr_line' id='line_1_40' title="bbox 160 4363 1320 4427; baseline -0.006 -1"><span class='ocrx_word' id='word_1_312' title='bbox 160 4373 252 4427; x_wconf 75' lang='lat' dir='ltr'>tistre.</span> <span class='ocrx_word' id='word_1_313' title='bbox 281 4381 312 4426; x_wconf 85' lang='lat' dir='ltr'>et</span> <span class='ocrx_word' id='word_1_314' title='bbox 341 4372 467 4426; x_wconf 85' lang='lat' dir='ltr'>aliarum</span> <span class='ocrx_word' id='word_1_315' title='bbox 492 4373 686 4427; x_wconf 81' lang='lat' dir='ltr'>ecclesiarum</span> <span class='ocrx_word' id='word_1_316' title='bbox 716 4370 871 4425; x_wconf 84' lang='lat' dir='ltr'>cimiteriis</span> <span class='ocrx_word' id='word_1_317' title='bbox 898 4370 1061 4423; x_wconf 91' lang='lat' dir='ltr'>carentium</span> <span class='ocrx_word' id='word_1_318' title='bbox 1091 4369 1122 4420; x_wconf 93' lang='lat' dir='ltr'>in</span> <span class='ocrx_word' id='word_1_319' title='bbox 1149 4367 1221 4420; x_wconf 75' lang='lat' dir='ltr'>villa</span> <span class='ocrx_word' id='word_1_320' title='bbox 1314 4363 1320 4373; x_wconf 86' lang='grc'><strong><em>’</em></strong></span> 
     </span>
     <span class='ocr_line' id='line_1_41' title="bbox 162 4450 1219 4528; baseline -0.007 -18"><span class='ocrx_word' id='word_1_321' title='bbox 162 4456 359 4511; x_wconf 82' lang='lat' dir='ltr'>Gloucestriae</span> <span class='ocrx_word' id='word_1_322' title='bbox 377 4458 502 4511; x_wconf 82' lang='lat' dir='ltr'>sitarum</span> <span class='ocrx_word' id='word_1_323' title='bbox 519 4456 598 4528; x_wconf 88' lang='lat' dir='ltr'>apud</span> <span class='ocrx_word' id='word_1_324' title='bbox 623 4457 806 4517; x_wconf 85' lang='lat' dir='ltr'>Lautouiam,</span> <span class='ocrx_word' id='word_1_325' title='bbox 832 4453 945 4507; x_wconf 88' lang='lat' dir='ltr'>duobus</span> <span class='ocrx_word' id='word_1_326' title='bbox 965 4453 1013 4505; x_wconf 78' lang='lat' dir='ltr'>vel</span> <span class='ocrx_word' id='word_1_327' title='bbox 1034 4450 1128 4505; x_wconf 87' lang='lat' dir='ltr'>tribus</span> <span class='ocrx_word' id='word_1_328' title='bbox 1145 4468 1219 4520; x_wconf 84' lang='lat' dir='ltr'>prae·</span> 
     </span>
     <span class='ocr_line' id='line_1_42' title="bbox 161 4533 1220 4610; baseline -0.008 -15"><span class='ocrx_word' id='word_1_329' title='bbox 161 4541 308 4603; x_wconf 77' lang='lat' dir='ltr'>sentibus,</span> <span class='ocrx_word' id='word_1_330' title='bbox 333 4541 365 4594; x_wconf 91' lang='lat' dir='ltr'>in</span> <span class='ocrx_word' id='word_1_331' title='bbox 388 4556 519 4595; x_wconf 80' lang='lat' dir='ltr'>extrema</span> <span class='ocrx_word' id='word_1_332' title='bbox 543 4541 704 4602; x_wconf 76' lang='lat' dir='ltr'>voluntate,</span> <span class='ocrx_word' id='word_1_333' title='bbox 724 4539 906 4610; x_wconf 86' lang='lat' dir='ltr'>sepulturam</span> <span class='ocrx_word' id='word_1_334' title='bbox 935 4536 1070 4607; x_wconf 85' lang='lat' dir='ltr'>elegerit,</span> <span class='ocrx_word' id='word_1_335' title='bbox 1089 4533 1220 4588; x_wconf 81' lang='lat' dir='ltr'>canonici</span> 
     </span>
    </p>
   </div>
   <div class='ocr_carea' id='block_1_6' title="bbox 163 4615 1220 4694">
    <p class='ocr_par' dir='ltr' id='par_1_8' title="bbox 163 4615 1220 4694">
     <span class='ocr_line' id='line_1_43' title="bbox 163 4615 1220 4694; baseline -0.01 -15"><span class='ocrx_word' id='word_1_336' title='bbox 163 4625 218 4679; x_wconf 84' lang='lat' dir='ltr'>hoe</span> <span class='ocrx_word' id='word_1_337' title='bbox 245 4625 345 4694; x_wconf 67' lang='lat' dir='ltr'>ipsum</span> <span class='ocrx_word' id='word_1_338' title='bbox 371 4625 520 4680; x_wconf 87' lang='lat' dir='ltr'>monachis</span> <span class='ocrx_word' id='word_1_339' title='bbox 547 4624 773 4685; x_wconf 80' lang='lat' dir='ltr'>denunciabant,</span> <span class='ocrx_word' id='word_1_340' title='bbox 800 4636 829 4676; x_wconf 87' lang='lat' dir='ltr'>et</span> <span class='ocrx_word' id='word_1_341' title='bbox 856 4621 898 4675; x_wconf 87' lang='lat' dir='ltr'>ita</span> <span class='ocrx_word' id='word_1_342' title='bbox 927 4620 1019 4673; x_wconf 86' lang='lat' dir='ltr'>libere</span> <span class='ocrx_word' id='word_1_343' title='bbox 1044 4626 1074 4671; x_wconf 84' lang='lat' dir='ltr'>et</span> <span class='ocrx_word' id='word_1_344' title='bbox 1100 4615 1220 4686; x_wconf 85' lang='lat' dir='ltr'>pacifice</span> 
     </span>
    </p>
   </div>
   <div class='ocr_carea' id='block_1_7' title="bbox 1072 4698 1092 4761">
    <p class='ocr_par' dir='ltr' id='par_1_9' title="bbox 1072 4698 1092 4761">
     <span class='ocr_line' id='line_1_44' title="bbox 1072 4698 1092 4761; baseline 0 0"><span class='ocrx_word' id='word_1_345' title='bbox 1072 4698 1092 4761; x_wconf 82' lang='lat' dir='ltr'><strong>f</strong></span> 
     </span>
    </p>
   </div>
   <div class='ocr_carea' id='block_1_8' title="bbox 0 0 1584 5610">
    <p class='ocr_par' dir='ltr' id='par_1_10' title="bbox 0 0 1584 5610">
     <span class='ocr_line' id='line_1_45' title="bbox 0 0 1584 5610; baseline 0 10"><span class='ocrx_word' id='word_1_346' title='bbox 0 0 1584 5610; x_wconf 95' lang='lat' dir='ltr'> </span> 
     </span>
    </p>
   </div>
  </div>
 </body>
</html>
