3158 5610
371 777 435 838 120
694 784 855 836 maroam
878 784 1090 834 uoassrran

766 1058 815 1125 oe
835 1058 1040 1144 uastam

203 1205 301 1257 Lutof
415 1194 578 1260 Dominus
612 1192 805 1280 Radulphus
833 1193 873 1258 de
895 1192 1095 1278 Welyntone
1126 1191 1219 1258 dedit
1251 1190 1425 1256 monachis

204 1272 335 1391 mm*
372 1297 486 1364 sanes
509 1296 599 1362 rem
623 1295 836 1361 crouaauae
870 1295 952 1361 suas
987 1295 1082 1360 uua
1114 1300 1212 1361 arra
1234 1294 1272 1358 in
1294 1294 1425 1359 wala-

204 1413 355 1470 moaastory·
371 1398 479 1485 hope,⁹
501 1404 536 1463 et
567 1419 667 1462 unam
690 1397 728 1461 in
749 1397 942 1483 Ablyntono
965 1397 1008 1461 ad
1029 1397 1233 1463 sacerdotum
1256 1401 1423 1462 sustenta

372 1501 497 1566 tionem
526 1500 562 1564 in
592 1499 719 1586 capella
753 1520 853 1585 quam
884 1522 906 1564 a
928 1498 1153 1564 fundamentis
1183 1503 1423 1572 construxerat,

373 1608 518 1690 temporo
541 1601 675 1668 Thomae
698 1602 739 1668 de
762 1601 932 1668 Breodone
954 1601 1093 1667 abbatis

768 1814 817 1879 Dc
838 1813 1041 1880 Wolecmodc.

420 1948 586 2015 Walterus
608 1949 815 2036 Grengerius,
850 1970 1010 2015 consensu
1042 1948 1175 2015 Edithco
1206 1947 1320 2014 uxoris
1343 1970 1423 2028 suae,

376 2051 468 2118 dedit
499 2050 638 2117 ecclesiae
672 2051 787 2117 Sancti
817 2052 907 2118 Petri
940 2050 1152 2117 Glouoestriae
1183 2073 1284 2116 unam
1312 2073 1424 2116 acram

376 2155 464 2242 prati
485 2154 521 2218 in
544 2152 753 2219 Walesmede.

776 2343 825 2408 Dc
852 2342 1029 2409 Woddoac.

420 2478 567 2566 Rogerus
589 2499 712 2565 parvus
735 2477 829 2542 dedit
851 2476 993 2542 ecclesiae
1020 2475 1134 2541 Sancti
1158 2473 1250 2541 Petri
1273 2475 1426 2540 Glauces-

374 2581 449 2648 triae
470 2582 508 2646 in
529 2580 709 2658 Waddone,
733 2580 776 2644 ad
798 2601 896 2667 opera
917 2579 1116 2654 monasterii,
1137 2600 1236 2642 unam
1258 2579 1424 2664 virgatam

376 2688 473 2750 tcrrae
510 2683 604 2749 lxiiu
643 2703 740 2757 amas,
779 2687 813 2746 ct
852 2680 1018 2767 Belahaye
1055 2681 1143 2745 inter
1180 2679 1353 2745 Waddone
1389 2685 1425 2744 et

376 2784 534 2871 Tuffelsy‚
578 2790 676 2850 cartae
734 2789 829 2862 trcs3
874 2789 1019 2870 tempore
1070 2783 1204 2849 Thomae
1262 2781 1424 2848 Carbonel

375 2888 512 2954 abbatia

793 3032 841 3096 De
868 3032 1005 3118 Uptoow.

421 3167 605 3233 Willelmus
628 3168 669 3232 de
692 3166 828 3252 Uptonc
844 3166 1029 3253 capellanus
1051 3167 1424 3233 dedit³domu1nsuam

377 3271 411 3334 in
447 3269 591 3355 Uptone‚
630 3290 705 3333 cum
742 3274 830 3333 terra
866 3269 907 3332 dc
945 3267 1187 3346 Undurcombe,
1218 3271 1276 3356 qui
1310 3275 1427 3356 postea

379 3370 554 3435 monachus
577 3370 683 3434 factus
706 3369 812 3434 multa
834 3369 920 3434 bona
949 3370 1125 3455 acquisivit
1146 3372 1189 3435 ad
1210 3372 1427 3437 inveniendas

378 3495 513 3560 mappas
549 3472 586 3536 in
624 3471 853 3547 misericordia,
892 3477 927 3535 ct
964 3472 1134 3537 dimidiam
1178 3496 1320 3539 marcam
1366 3497 1426 3561 pro

380 3573 556 3660 amigdalis
601 3595 660 3659 pro
705 3572 854 3650 infirmis,
899 3579 934 3637 et
972 3575 1189 3661 quadraginta
1225 3577 1346 3641 solidos
1383 3578 1426 3641 ad

379 3677 550 3742 caritatem
582 3678 764 3740 conventus
786 3675 822 3738 in
844 3676 1068 3740 anniversaria
1091 3677 1224 3743 Thomas
1246 3679 1362 3743 vicarii
1385 3680 1426 3744 de

379 3778 485 3844 Locha
508 3777 620 3842 fratris
642 3776 716 3857 sui;
739 3775 887 3841 redditus
910 3776 966 3841 ille
988 3778 1095 3844 estin
1118 3778 1342 3866 Eggeworthe.

760 3962 810 4029 Dc
831 3963 1026 4050 Wodcfoodo.

424 4096 612 4162 Osmundus
634 4096 759 4175 Basset,
791 4120 947 4163 consensu
983 4099 1119 4166 Roberti
1153 4101 1261 4168 Foliot
1297 4054 1428 4190 nepotis

379 4197 439 4275 sui,
486 4198 579 4264 dedit
625 4199 696 4264 Deo
742 4206 777 4264 et
815 4200 936 4265 Sancto
983 4202 1080 4268 Petro
1119 4203 1329 4270 Gloucestriae
1360 4206 1427 4270 dua

417 4416 423 4442 ¹
447 4410 600 4477 Wakalmpe]
636 4413 780 4476 Walehope,
815 4414 878 4478 lleg,
961 4413 1064 4480 ³dedit]
1093 4416 1148 4466 The
1171 4419 1262 4469 Cotton
1291 4421 1347 4472 MS.
1366 4427 1428 4473 ends

384 4493 467 4543 (ΜΠ,
929 4493 994 4543 here.
1028 4495 1084 4544 The
1108 4498 1249 4548 reuraiuder
1270 4500 1292 4548 is
1315 4504 1428 4566 supplied

415 4568 601 4634 ²Wcleslope]
648 4570 780 4632 Walhope‚
815 4571 877 4633 ltcg.
929 4573 1066 4636 frourlleg.
1079 4576 1161 4624 Oxou.

385 4655 468 4702 Oxou.
