3158 5610
341 750 418 816 xciv
610 763 790 815 1111111111(
812 767 856 816 ro
878 765 1150 819 mraonucnou.

342 941 374 997 in
400 939 608 1012 spiritualibus
634 944 664 995 et
681 939 893 1012 temporalibus
910 940 1170 1013 circumspectum,
1189 941 1254 999 Deo
1272 950 1406 1015 gratim

342 1024 474 1081 ccclesia
485 1032 593 1081 nostra
610 1024 820 1089 necessarium,
832 1040 985 1096 regnoque
996 1030 1098 1081 vestro
1109 1025 1215 1081 utilem
1225 1043 1261 1083 ao
1273 1026 1409 1094 fidelem,

340 1116 473 1165 nostrum
492 1108 636 1179 elegimus
655 1106 685 1161 in
704 1107 849 1163 abbatem.
886 1107 967 1163 Hinc
985 1108 1261 1179 estquodeundem
1279 1110 1412 1167 fratrem

342 1190 362 1247 J
365 1192 517 1256 ohannem,
531 1208 584 1262 per
602 1190 708 1246 fratres
727 1190 920 1246 Laurentium
937 1190 975 1247 de
988 1190 1185 1259 Gloucesnia,
1199 1210 1293 1249 sacrm
1311 1193 1411 1266 scrip·

342 1280 417 1331 turre
435 1274 639 1346 professorem,
654 1273 674 1328 J
675 1273 818 1329 ohannem
835 1274 864 1329 le
881 1274 1029 1340 Palmsre,
1048 1281 1080 1332 et
1096 1276 1258 1332 Ricardum
1276 1277 1315 1333 de
1334 1277 1409 1343 Ore,

344 1359 566 1414 commonachos
592 1363 718 1423 nostros,
737 1365 844 1414 vestre
871 1358 1041 1415 celsitudini
1070 1368 1286 1432 presentamus
1316 1362 1410 1419 davo·

342 1446 466 1502 tissimis
495 1446 653 1518 precibus3
688 1447 887 1518 supplicantes
917 1448 1057 1519 quatinus
1087 1449 1238 1521 praedicta
1263 1450 1409 1508 electioni

339 1536 447 1586 nostra
466 1528 502 1585 do
520 1529 585 1600 ipso
603 1529 736 1584 Johanne
755 1529 840 1585 factae
856 1530 975 1601 regium
993 1549 1147 1587 assensum
1157 1533 1291 1605 praeben
1302 1534 1410 1591 velitis

340 1611 571 1668 misericorditer
596 1618 626 1668 ct
649 1612 786 1683 benigne.
833 1613 939 1671 Valeat
964 1620 996 1670 et
1019 1616 1123 1687 vigeat
1138 1624 1239 1673 vesus
1255 1615 1409 1675 celsitudo

340 1713 393 1768 per
411 1706 542 1767 tempora
559 1694 708 1752 diuturna.

376 1778 414 1834 In
431 1778 516 1849 cnjus
533 1779 579 1833 rei
604 1778 806 1834 testimonium
824 1779 959 1849 sigillum
983 1786 1119 1837 nostrum
1144 1800 1301 1841 commune
1328 1803 1409 1858 pras-

341 1862 473 1918 sentibus
492 1868 538 1917 est
555 1879 727 1933 appensum.

376 1943 484 1999 Datum
511 1945 543 1998 in
568 1943 697 2015 capitulo
723 1950 823 2000 nostro
849 1945 1043 2004 Glouoeatriae
1067 1948 1203 2006 kalendis
1220 1950 1307 2017 Maii,
1326 1968 1408 2009 anno

340 2027 459 2084 Domini
476 2026 635 2083 millesimo
653 2029 859 2085 trecentesimo
878 2031 980 2088 sexto.¹

835 2199 908 2267 XV.

523 2336 619 2402 (Roynl
630 2334 736 2394 Lattara,
748 2334 840 2385 Public
850 2334 950 2386 liecord
962 2336 1050 2399 Oiliee,
1061 2336 1111 2388 No.
1126 2340 1222 2404 heta)

169 2462 239 2514 Al).
254 2467 326 2526 leot,
374 2454 628 2511 Excellentissimo
655 2453 773 2509 domino
804 2472 857 2509 suo
887 2455 1004 2511 domino
1033 2457 1189 2523 Eduardo,
1216 2458 1274 2514 Dei
1303 2460 1407 2530 gratia

169 2528 285 2594 148713-
338 2539 405 2610 regi
425 2539 552 2610 Angliae,
583 2537 694 2593 illustri
724 2536 841 2593 domino
871 2537 1024 2593 Hiberniae
1053 2545 1085 2595 ot
1113 2540 1182 2597 duci
1199 2540 1403 2612 Aequitaniae,

168 2618 326 2673 naason
338 2624 430 2678 irater
447 2618 655 2693 W[iilelmus]‚
670 2620 802 2691 ejusdem
820 2621 1012 2692 permissione
1030 2622 1163 2679 ecclesiae
1174 2624 1404 2696 Wygorniensis

168 2686 315 2754 1101111101)
338 2707 473 2762 minister
502 2704 633 2770 humilis,
665 2704 792 2759 salutem
820 2705 851 2758 in
881 2704 925 2760 no
955 2722 1009 2777 por
1035 2724 1124 2777 quem
1154 2707 1281 2763 feliciter
1310 2725 1403 2781 reges

168 2751 320 2873 grvtlowtffl‘
340 2798 467 2863 regnant
484 2795 515 2846 et
531 2789 678 2861 principes
697 2787 891 2843 dominantur.

167 2883 240 2951 king.
375 2874 450 2930 Cum
467 2891 520 2928 nos
538 2873 711 2929 electionem
728 2889 821 2943 nuper
838 2871 947 2927 iactam
965 2871 1002 2928 dc
1020 2874 1111 2930 fratre
1130 2874 1150 2929 J
1151 2875 1264 2931 ohanne
1281 2875 1401 2948 Thely,

337 2958 478 3014 monacho
496 2955 664 3011 monasterii
683 2954 784 3011 Sancti
801 2954 885 3009 Petri
904 2954 1106 3022 Glouoestn‘ae,
1131 2958 1163 3011 in
1181 2957 1317 3014 abbatem
1341 2958 1403 3016 loci

337 3040 480 3113 ejusdem,
500 3039 586 3110 cujus
604 3038 739 3095 electioni
757 3038 875 3109 regium
893 3040 1073 3111 proestitistis
1091 3057 1243 3097 assensum
1256 3048 1402 3113 tanquam

337 3125 374 3180 de
399 3141 523 3196 persona
551 3122 656 3178 idonea
673 3121 810 3178 canonice
828 3122 1007 3178 celebratam
1033 3124 1208 3179 auctoritate
1234 3125 1401 3196 pontificali

337 3209 507 3265 duxerimus
526 3206 762 3270 confirmandum,
782 3206 837 3261 hoo
855 3204 1047 3262 dominationi
1064 3213 1171 3263 vesboe
1195 3214 1298 3263 tenore
1322 3227 1401 3280 pras-

339 3292 466 3349 sentium
496 3291 677 3355 intimamus,
696 3297 731 3345 ut
760 3288 839 3359 quod
867 3288 906 3343 ad
929 3307 983 3346 vos
1012 3291 1142 3362 pertinet
1166 3291 1197 3346 in
1226 3291 1282 3347 hae
1311 3298 1400 3363 parte

344 3375 534 3449 precipiatis,
554 3373 580 3429 si
597 3373 703 3445 placet,
723 3371 787 3426 ficri
805 3388 873 3426 cum
890 3373 1000 3428 favore.

371 3457 479 3515 Valeat
496 3456 581 3528 regia
598 3455 770 3511 excellentia
786 3460 886 3510 vestra
903 3455 935 3510 in
954 3455 1073 3512 Christo
1099 3456 1173 3512 Jesu
1190 3473 1244 3529 per
1262 3463 1400 3530 tempora

335 3543 483 3598 diuturna.

373 3625 482 3681 Datum
502 3623 579 3696 apud
597 3621 820 3678 Hertleburiam
837 3621 933 3677 tribus
953 3620 1052 3678 idibus
1070 3622 1155 3689 Maii,
1174 3642 1250 3680 anno
1276 3624 1400 3681 Domini

335 3709 494 3765 millesimo
512 3705 719 3763 trecentesimo
738 3702 842 3760 sesto.²

815 3873 908 3939 XVI.

520 4008 612 4075 'Roysl
623 4010 729 4072 letters,
741 4009 833 4060 Public
844 4008 946 4061 Record
957 4009 1044 4073 Offioe,
1055 4008 1107 4061 No.
1118 4013 1213 4076 aoso.)

166 4127 323 4197 A.D.1828,
371 4126 626 4185 Excellentissimo
657 4127 783 4199 principi
812 4126 928 4182 domino
958 4133 1058 4183 nostro
1088 4126 1207 4183 domino
1236 4128 1394 4195 Eduardo,

167 4196 224 4248 ⁰⁰²·
237 4202 277 4253 ²⁵·
336 4213 393 4270 Dei
419 4212 515 4285 gratia
539 4211 604 4282 rogi
622 4210 749 4280 Angue,
770 4209 887 4265 domino
911 4210 1064 4266 Hiberniae
1088 4217 1120 4266 et
1137 4211 1206 4267 duci
1224 4212 1395 4283 Aquitaniae

368 4410 375 4440 ¹
394 4407 435 4459 On
452 4405 496 4457 the
518 4405 591 4455 dorse
608 4399 701 4452 cithia
724 4399 797 4451 letter
815 4400 838 4450 is
888 4400 931 4451 tbe
950 4401 1160 4467 followingz-“.
1186 4401 1342 4453 .Willelmo
1361 4404 1394 4454 de

332 4489 375 4539 tbe
419 4484 612 4549 followingz-“
630 4518 636 4532 .
655 4517 661 4530 .
680 4478 836 4531 cancellario
887 4484 902 4508 ‘⁴
920 4478 1079 4541 nuncluce,
1109 4480 1268 4532 Caucsssario
1297 4489 1396 4544 nostro,

331 4573 347 4598 ⁴⁴
365 4582 417 4625 suo,
435 4580 479 4629 per
495 4560 618 4629 Regem?
887 4561 902 4586 “
919 4573 965 4623 per
981 4559 1105 4624 Regem.”

365 4648 374 4677 ²
392 4646 433 4695 On
451 4644 494 4694 the
515 4643 587 4693 dorse
606 4638 636 4690 oi
652 4637 702 4689 this
721 4636 833 4687 letteris
