3158 5610
354 738 419 800 342
643 751 896 803 caanumamu
919 754 1129 806 nonnarum

352 925 508 980 monachos
529 924 721 978 Glouccstrim
740 929 771 978 et
789 924 949 995 Hugonem
968 930 1105 996 patruum
1123 942 1232 988 meum,
1252 923 1334 994 quod
1352 922 1421 993 ipse

354 1008 494 1080 quamdiu
519 1008 626 1061 vixerit
652 1007 764 1062 tenebit
795 1009 832 1063 de
860 1009 1019 1074 monacbis,
1039 1028 1093 1081 pro
1119 1011 1177 1081 xvj.
1204 1007 1336 1062 denariis
1364 1023 1421 1077 per

354 1110 472 1156 annum,
493 1092 612 1145 domum
639 1096 669 1145 ct
696 1092 819 1146 crottam
845 1111 933 1163 <ruam
960 1093 1070 1164 Symon
1089 1093 1204 1149 Canard
1221 1098 1361 1147 tenuerat
1389 1091 1421 1143 in

357 1173 624 1247 Kynemeresforde
651 1173 687 1228 de
713 1174 824 1230 eisdem
848 1176 998 1231 monachis
1025 1195 1079 1247 pro
1104 1177 1164 1248 xvj.
1191 1175 1333 1238 denariis,
1362 1173 1420 1229 tali

269 1282 272 1288 ·
356 1261 470 1315 scilicet
487 1266 588 1314 tenore
613 1258 691 1328 quod
721 1265 788 1328 post
817 1265 942 1315 mortem
967 1261 1031 1331 ejus
1061 1267 1142 1316 terra
1164 1259 1218 1315 ille
1240 1276 1310 1313 eum
1335 1258 1419 1313 omni

354 1344 555 1397 melioratione
583 1341 773 1396 aedificiorum
798 1361 863 1412 quas
891 1343 923 1396 in
946 1344 1012 1413 ipsa
1040 1342 1274 1414 superaedificata
1305 1342 1421 1397 luerint

354 1427 463 1497 absque
494 1425 619 1496 alicujus
643 1426 849 1481 reclamatione
879 1426 1028 1496 praedictis
1058 1426 1208 1482 monachis
1237 1425 1416 1480 remanebit.

354 1510 438 1578 Quod
457 1511 525 1580 quia
542 1517 639 1565 ratum
658 1528 723 1565 esse
741 1511 817 1575 volo,
837 1512 975 1582 praesenti
1000 1518 1088 1568 carten
1115 1511 1153 1567 ed
1177 1510 1418 1567 testificationem

354 1594 502 1667 praedicta)
519 1595 718 1650 conventionis
737 1595 870 1666 sigillum
889 1614 987 1650 mcum
1005 1595 1136 1668 apposui.
1174 1595 1245 1652 ffiis
1262 1595 1403 1652 testibus.

640 1797 895 1865 CCCXXVIII.
920 1799 971 1865 Dc
995 1799 1116 1866 codem.

391 1959 456 2027 Ego
474 1957 622 2012 Patricius
648 1959 685 2013 dc
710 1957 853 2014 Cadurcio
880 1959 1015 2025 concedo,
1036 1967 1067 2016 et
1091 1961 1229 2032 praesenti
1248 1969 1332 2017 carta
1350 1980 1420 2016 con·

254 2061 260 2073 ·
355 2043 449 2106 firmo,
470 2042 603 2097 ecclcsiae
622 2042 722 2098 Sancti
740 2042 823 2098 Petri
850 2042 888 2097 de
914 2042 1099 2100 Gloucestria
1116 2046 1214 2100 omnia
1232 2064 1300 2117 quse
1319 2047 1418 2102 Patri·

356 2127 418 2182 cius
437 2144 563 2198 proavus
582 2143 665 2181 meus
691 2133 877 2182 concesserat
896 2135 927 2183 et
944 2128 1106 2185 donaverat
1124 2137 1155 2185 et
1174 2130 1316 2201 Pegasus
1334 2138 1421 2202 pater

354 2228 438 2265 meus
466 2215 649 2265 concesserat
676 2216 707 2265 et
733 2211 956 2267 confirmaverat
981 2219 1047 2267 ante
1072 2231 1119 2268 me
1145 2212 1241 2269 eidem
1269 2214 1417 2278 eeclesiae,

354 2295 510 2349 ecelesiam
530 2294 644 2349 scilicet
662 2295 698 2348 de
717 2294 961 2350 Kinemereiorde
989 2314 1057 2352 cum
1082 2296 1203 2352 decimis
1232 2301 1263 2353 et
1279 2299 1420 2354 omnibus

354 2379 392 2434 ad
411 2396 475 2433 eam
494 2379 718 2450 pertinentibus,
733 2386 764 2436 et
780 2386 891 2437 terram
909 2380 1078 2448 sacerdotis,
1092 2387 1123 2438 et
1133 2381 1287 2438 dimidiam
1305 2384 1418 2455 hydam

354 2463 385 2517 in
404 2462 533 2532 Omenay
552 2480 640 2533 quam
670 2462 744 2518 'Iovi
769 2464 896 2530 tenebat,
923 2464 1076 2520 dimidiam
1106 2483 1222 2536 quoque
1247 2465 1361 2537 hydam
1389 2479 1420 2524 et

354 2565 442 2602 unam
473 2547 620 2617 virgatam
651 2547 682 2601 in
711 2547 852 2617 praedicto
881 2549 1011 2603 manerio
1041 2549 1295 2621 Kynemerefordc
1328 2570 1417 2622 quam

353 2632 511 2702 praedictus
543 2647 669 2701 proavus
700 2648 783 2685 meus
820 2631 987 2687 Patricius¹
1023 2639 1054 2687 et
1088 2651 1161 2688 uxor
1191 2633 1255 2704 ejus
1290 2633 1419 2690 Matilda

353 2716 496 2770 dederuut
523 2722 553 2772 et
578 2715 747 2771 obtulerunt
772 2733 860 2787 super
886 2716 978 2772 altare
1006 2716 1037 2771 in
1067 2717 1249 2772 dedicatione
1280 2719 1417 2789 ejusdem

354 2799 498 2867 eeclesiae,
532 2798 679 2872 quandam
711 2806 854 2872 praeterea
883 2806 992 2857 terram
1022 2801 1084 2874 xiij.
1117 2803 1315 2868 denariorum,
1348 2824 1418 2860 cum

246 2915 256 2933 .
354 2884 469 2939 decima
487 2883 523 2938 dc
545 2885 625 2940 omni
644 2883 773 2939 dominio
792 2885 924 2955 ejusdem
936 2886 1016 2941 villae
1028 2893 1059 2941 et
1077 2885 1113 2941 de
1131 2886 1266 2943 omuibus
1283 2889 1416 2955 villanis,

353 2969 477 3024 croltam
518 2969 608 3024 etiam
638 2967 760 3033 Hervei,
793 2975 823 3024 et
858 2988 946 3024 unam
982 2988 1148 3025 mansuram
1185 2971 1264 3043 apud
1293 2972 1417 3044 nigrum
1519 3022 1524 3031 .

354 3053 505 3117 fossatum,
527 3058 557 3108 et
584 3053 703 3106 domum
721 3051 823 3107 Edrici
849 3053 885 3107 dc
903 3053 988 3108 Mora
1015 3072 1081 3108 cum
1109 3062 1189 3109 terra
1214 3056 1251 3109 de
1270 3056 1365 3123 Mora,
1387 3075 1416 3113 ea

354 3154 442 3191 uuum
461 3136 607 3207 virgatam
634 3154 699 3206 quie
725 3135 793 3190 data
811 3136 869 3191 fuit
886 3136 970 3191 cum²
989 3137 1094 3193 Fuleui
1113 3139 1149 3193 de
1167 3139 1279 3195 Vaeeio
1297 3143 1415 3211 quando

354 3221 448 3275 sactus
480 3228 525 3275 cst
556 3219 714 3274 monachus
751 3221 782 3272 in
815 3220 939 3275 ccclesia
975 3221 1175 3286 Glaucestriae‚
1213 3223 1414 3279 molendinum

355 3322 471 3376 quoque
497 3304 532 3357 dc
552 3305 681 3358 Horeote
700 3321 768 3358 cum
793 3309 873 3358 terra
899 3311 928 3359 et
954 3307 1046 3375 pratis
1072 3304 1166 3359 eidem
1185 3307 1411 3377 pertinentibus,

355 3396 384 3445 et
415 3388 558 3444 decimam
590 3387 625 3441 dc
656 3387 770 3441 duobus
801 3388 976 3443 molendinis
1007 3390 1043 3444 de
1068 3389 1226 3455 Weliorde
1261 3398 1293 3446 et
1321 3398 1412 3448 totam

353 3474 496 3529 decimam
536 3476 669 3526 veterum
700 3477 851 3542 pratorum
882 3479 911 3528 et
941 3491 1090 3538 uovorum,
1123 3481 1153 3529 et
1189 3478 1411 3546 quatuordecim

355 3557 492 3615 solidatas
520 3562 671 3628 pratorum
703 3573 785 3624 quas,
815 3574 882 3610 cum
909 3556 1043 3611 monachi
1071 3557 1153 3628 prius
1179 3559 1355 3617 habuissent
1378 3580 1411 3616 ex

353 3651 461 3713 empta
481 3640 614 3713 praedicti
634 3644 831 3695 antecessores
850 3642 908 3695 mei
926 3642 958 3695 iu
976 3642 1156 3696 dedicatione
1175 3644 1308 3699 ecclesias
1327 3647 1409 3701 obtu-

353 3728 452 3782 leruut
470 3725 533 3779 Deo
559 3741 646 3795 super
674 3723 785 3789 altare;
806 3730 897 3779 totam
926 3725 1045 3796 insuper
1071 3725 1216 3781 decimam
1241 3728 1278 3782 de
1296 3728 1408 3794 vitulis,

353 3819 384 3866 et
402 3809 496 3880 aguis,
512 3815 541 3864 et
559 3807 706 3878 porcellis,
721 3812 750 3862 et
768 3807 843 3872 lana,
864 3815 894 3863 et
912 3809 1014 3872 caseis,
1030 3815 1059 3864 et
1077 3815 1226 3879 pasturam
1239 3813 1409 3867 ecto-boum

353 3912 420 3949 oum
439 3893 530 3947 bobus
544 3892 663 3956 domini,
679 3897 708 3946 et
727 3909 777 3946 sex
789 3909 891 3947 vaccas
912 3892 941 3946 in
960 3899 1164 3963 pasturarum
1177 3895 1275 3950 vaccis
1288 3897 1407 3953 domiui.

353 3977 519 4031 libertatem
539 3994 653 4047 quoque
673 3982 702 4030 et
721 3975 919 4046 quietudinem
934 3977 970 4031 ab
989 3977 1122 4031 omnibus
1142 3978 1271 4034 servitiis
1294 3988 1325 4035 et
1342 4000 1407 4035 con-

352 4060 564 4123 suetudinibus,
585 4066 615 4114 et
632 4060 782 4131 pasnagia,
797 4067 827 4113 et
844 4061 921 4114 omni
941 4061 1075 4115 theloneo
1094 4068 1154 4115 tam
1173 4062 1306 4117 cervisiae
1319 4083 1406 4134 quam

351 4146 440 4198 totius
467 4144 588 4197 mercati
615 4145 691 4199 sicut
721 4163 818 4199 meum
849 4144 1029 4210 dominium
1069 4145 1141 4199 diras
1168 4146 1289 4216 insuper
1314 4148 1406 4217 hydas

351 4229 427 4299 apud
447 4230 585 4297 Ommmy,
607 4246 679 4297 qiras
702 4228 833 4282 monaehi
853 4234 952 4283 tenent
979 4229 1015 4281 dc
1041 4247 1105 4283 meo
1135 4230 1227 4293 feodo,
1248 4231 1358 4285 liberas
1378 4244 1407 4288 et

351 4314 465 4383 quietas
485 4312 521 4364 ab
539 4311 674 4364 omuibus
694 4311 823 4366 servitiis
841 4319 871 4365 et
889 4313 1159 4379 consuetudinibus,
1179 4324 1302 4385 excepto
1320 4317 1407 4386 geldo

382 4624 387 4651 ¹
408 4621 548 4687 Patricius]
568 4628 677 4685 patruus,
689 4622 744 4673 Me.
871 4622 877 4690 Ι
933 4627 942 4654 ²
961 4624 1047 4690 cusq?
1065 4640 1111 4688 pro
1122 4640 1208 4675 amore
1219 4625 1365 4677 elsewhese.
