3158 5610
346 779 412 844 366
632 785 883 837 circumierim
905 783 1114 837 uonssrnnn

346 984 399 1023 suo
417 973 448 1021 et
464 963 610 1036 homagio,
630 981 719 1018 unsm
735 963 882 1034 virgatam
899 965 987 1017 terrm
1010 963 1042 1018 in
1058 960 1132 1018 rills
1147 960 1184 1017 de
1202 960 1401 1024 hetbintons

344 1052 483 1107 videlicet
499 1049 581 1104 illem
600 1065 688 1120 quum
699 1048 867 1103 Willelmus
885 1046 965 1103 filius
983 1046 1121 1119 Hugonis
1133 1064 1207 1102 aviis
1219 1063 1304 1101 mous
1316 1045 1403 1102 dedit

345 1154 412 1191 cnm
432 1153 530 1191 sorore
549 1151 602 1188 suu
618 1131 743 1186 Motildo
754 1131 881 1186 Ricardo
899 1132 1007 1187 Burnte
1018 1131 1097 1202 putri
1108 1130 1244 1202 proedicti
1255 1129 1402 1185 Alueredi

344 1222 451 1276 Borote
470 1221 500 1274 in
517 1218 645 1272 libcrnm
662 1217 868 1287 mnritcgium3
888 1216 1044 1271 tenendum
1061 1215 1098 1270 de
1115 1233 1163 1270 mc
1181 1219 1213 1271 et
1230 1213 1402 1270 haeredibus

344 1305 418 1359 meis
446 1304 537 1358 libere
563 1308 594 1356 ct
621 1300 728 1373 quiete,
748 1301 780 1354 in
806 1300 904 1364 terris,
924 1300 1053 1372 pascuis,
1078 1299 1146 1364 viis,
1166 1306 1197 1355 et
1223 1299 1350 1364 semitis,
1370 1304 1404 1354 et

344 1389 458 1445 caenris
483 1386 669 1442 libertatibus
696 1384 734 1440 ud
763 1384 934 1456 praedictum
964 1390 1074 1440 terrem
1102 1384 1331 1456 pertinentibus,
1362 1383 1403 1439 sb

344 1473 423 1528 omni
450 1471 570 1527 servitio
597 1475 706 1542 proter
731 1469 832 1539 regalo
858 1470 1023 1533 servitium,
1044 1474 1074 1523 et
1091 1474 1200 1540 praeter
1225 1468 1308 1539 quod
1324 1485 1402 1540 proe·

345 1559 441 1613 dictus
459 1555 624 1611 Alueredus
643 1561 673 1610 et
689 1553 820 1609 haercdes
848 1553 912 1624 ejus
931 1573 999 1609 cum
1016 1570 1063 1608 mc
1086 1559 1117 1609 et
1139 1553 1307 1608 heredibus
1325 1552 1403 1608 meis

345 1643 476 1714 equitare
495 1640 601 1694 debent
618 1657 672 1711 por
689 1643 781 1694 totum
799 1637 939 1710 Anglism
951 1638 989 1693 ad
1000 1655 1100 1693 meum
1117 1643 1333 1695 costumeutum
1351 1637 1403 1694 sel

344 1726 494 1784 haeredum
512 1742 653 1780 meorum.

380 1813 439 1867 Pro
456 1810 512 1865 huc
530 1816 628 1864 cutem
646 1807 832 1863 concessione
856 1807 1015 1880 praedictus
1039 1808 1205 1864 Alueredns
1224 1807 1308 1863 dedit
1325 1808 1402 1862 mibi

345 1899 417 1954 duos
444 1912 558 1950 murcos
585 1893 709 1964 urgenti.
747 1893 787 1947 Et
811 1899 845 1948 ut
871 1893 929 1948 istc
956 1893 1074 1948 donutio
1092 1899 1157 1949 rste
1175 1899 1205 1949 et
1223 1893 1403 1948 inconcussa

344 1984 521 2058 permanent,
542 1978 635 2050 sigilli
653 1976 712 2032 mci
731 1977 917 2034 attestatione
935 1978 1057 2042 munivi,
1078 1983 1133 2034 etc.

673 2298 847 2367 OCCLIV.
871 2300 921 2366 De
948 2299 1068 2368 eodem.

176 2491 245 2546 AD·
259 2498 321 2546 ¹20⁵
378 2498 490 2554 Notum
517 2496 558 2552 sit
582 2494 717 2550 omnibus
742 2502 804 2551 tam
829 2497 1023 2568 praesentibus
1055 2514 1143 2569 quom
1168 2496 1289 2562 futuris,
1320 2499 1404 2571 quod

175 2564 268 2612 422⁴.

176 2651 264 2703 Oltbe

175 2734 250 2771 sanie.

342 2582 415 2655 ego¹
433 2583 575 2637 Ylbertus
594 2580 630 2635 de
649 2579 799 2636 Greinvile
817 2581 927 2636 tradidi
945 2582 983 2637 sd
1000 2581 1114 2636 firmum
1133 2580 1249 2638 domino
1267 2582 1404 2640 Hem-ico

343 2667 440 2723 abbati
455 2665 655 2730 Gloucestrise‚
670 2671 700 2719 et
718 2665 850 2735 ejusdem
873 2665 930 2720 loci
948 2667 1113 2731 conventui,
1128 2672 1219 2722 totum
1236 2674 1350 2723 torrem
1363 2668 1403 2723 de

342 2753 532 2808 Lettrentone
551 2767 619 2804 cum
645 2748 781 2804 omnibus
809 2751 995 2821 pertinentiis
1022 2751 1085 2805 suis
1113 2769 1202 2821 quam
1222 2769 1280 2822 ego
1307 2751 1402 2808 hsbui

342 2835 380 2890 od
398 2835 512 2889 firmum
538 2833 574 2887 de
592 2831 742 2888 Willclmo
770 2832 806 2887 do
825 2833 1024 2900 Lettrintonc;
1050 2834 1215 2889 habendum
1241 2841 1273 2890 et
1298 2841 1402 2891 tenen·

302 2953 306 2959 -
342 2920 410 2974 dnm
436 2919 547 2973 eisdem
571 2916 669 2972 abbati
688 2923 718 2972 et
744 2918 900 2973 conventui
927 2924 957 2973 et
984 2935 1086 2974 eorum
1113 2919 1334 2975 successoribus
1362 2921 1402 2976 de

342 3021 389 3056 me
408 3007 439 3057 et
454 3000 620 3057 haeredibus
638 3001 713 3055 meis
731 3018 749 3055 u
767 3001 815 3055 dic
833 3000 871 3055 de
893 3001 1027 3073 hokedny
1045 3020 1120 3057 anno
1138 3004 1174 3058 sb
1192 3003 1402 3060 Incsrnstionc

343 3087 461 3140 Domini
489 3085 646 3140 millesimo
677 3084 876 3140 ducentesimo
906 3087 1030 3157 septimo
1054 3087 1167 3141 decimo
1197 3087 1229 3142 in
1258 3097 1401 3159 quotuor·

343 3171 437 3225 decim
456 3187 562 3234 onnos;
584 3168 716 3223 faciendo
735 3169 916 3224 solummodo
935 3171 1112 3226 forinsecum
1131 3172 1286 3227 ser-titium
1307 3192 1400 3245 qusn-

342 3263 405 3311 tum
424 3255 462 3309 sd
480 3262 589 3310 terrum
608 3254 690 3308 illum
708 3255 846 3325 pertinet,
867 3256 938 3325 quio
964 3256 1043 3310 idern
1071 3256 1160 3311 sbbss
1187 3264 1218 3313 et
1236 3268 1399 3315 conventus

342 3340 415 3394 mihi
445 3347 624 3411 posunerunt
652 3358 713 3410 prae
751 3341 884 3394 manibus
920 3346 1012 3396 totum
1048 3341 1161 3396 firmam
1199 3360 1289 3413 quum
1323 3346 1399 3400 mihi

342 3423 464 3478 reddero
502 3423 641 3477 deberent
683 3422 809 3493 singulis
846 3424 929 3479 annis
967 3424 1126 3495 quumdiu²
1163 3426 1309 3481 terminus
1346 3428 1399 3483 ille

342 3507 564 3580 quatuordeeim
589 3524 730 3561 annorum
758 3507 886 3563 duraret.
934 3507 966 3564 Si
992 3526 1062 3563 vero
1086 3509 1262 3580 prredictum
1280 3511 1398 3566 Willel·

342 3610 423 3648 mum
442 3595 477 3646 de
496 3591 676 3646 Lottrintone
688 3591 763 3645 mori
782 3593 940 3663 contigerit
951 3593 1029 3647 infre
1045 3593 1218 3664 proedictum
1236 3595 1399 3650 terminum

343 3677 564 3748 quatuordeeim
600 3693 752 3739 annorum,
784 3681 814 3731 et
843 3675 941 3731 Alicio
977 3695 1049 3732 uxor
1086 3677 1218 3750 ejusdem
1251 3678 1398 3734 Willelmi

343 3763 489 3833 reciperet
527 3767 641 3831 partem
676 3759 825 3831 praedictae
866 3767 952 3815 terrui
989 3763 1104 3816 nomine
1141 3761 1228 3827 dotis,
1260 3762 1399 3834 praedicti

343 3846 431 3899 obbas
450 3852 480 3899 ot
498 3850 657 3900 conventus
683 3844 834 3899 residuum
859 3852 946 3899 terren
971 3864 1038 3900 cum
1056 3846 1190 3901 omnibus
1209 3832 1398 3918 pertinentiis

342 3930 482 3983 tenebunt
508 3947 560 3998 per
587 3947 637 3983 sex
664 3947 752 3984 annos
779 3934 847 4000 post
872 3929 1028 4000 predictos
1055 3930 1277 4000 quatuordecim
1306 3951 1398 3988 annos

343 4013 501 4081 completos
522 4014 653 4081 quietum
672 4013 708 4068 cb
727 4014 804 4067 omni
824 4013 944 4068 servitio
963 4022 1082 4086 excepto
1101 4014 1244 4070 forinseco
1263 4018 1396 4072 servitio.

343 4096 382 4150 Et
408 4097 433 4149 si
451 4096 609 4166 praedictus
628 4096 795 4153 Willclmus
815 4097 851 4152 dc
869 4098 1060 4162 Lettrintone‚
1076 4099 1127 4170 qui
1145 4106 1254 4155 terrem
1273 4101 1396 4172 praedic·

343 4186 403 4233 tum
421 4180 495 4233 mibi
514 4181 636 4235 tradidit
648 4183 685 4236 cd
704 4184 817 4237 firmum
836 4182 930 4237 odhuo
950 4183 1130 4248 duraturum,
1150 4185 1397 4256 perpraedictum

342 4262 500 4317 torminum
533 4266 752 4334 quatuordecim
783 4285 933 4334 annorum,
958 4269 1082 4340 recipiet
1111 4274 1221 4324 terrum
1250 4270 1334 4326 illum
1360 4272 1397 4327 nd

377 4584 456 4648 ¹c90]
475 4599 529 4648 ege,
542 4584 598 4635 MS.
889 4592 931 4641 the
943 4593 1084 4642 redundant
1096 4594 1165 4643 word
1178 4591 1200 4642 is
1212 4593 1395 4644 markedvrith

375 4668 385 4694 ‘²
401 4665 529 4731 qnandiu]
548 4670 664 4733 repeated
680 4668 706 4718 in
719 4669 785 4735 MS„
797 4672 844 4720 but
886 4672 929 4721 the
942 4671 997 4736 sign
1009 4671 1040 4721 ol'
1047 4686 1155 4722 erasure.
