3158 5610
519 758 544 803 S.
565 755 665 802 l‘ffltl
689 752 946 802 ourECESTmAE.

208 1097 364 1163 CXXXI.
391 1097 616 1182 (turgiso-totio
640 1096 796 1162 ‚S'iltoslrr'
828 1097 1083 1183 ll'ypornr'ensie
1106 1098 1262 1186 episcopi.

242 1270 385 1325 Omnibus
404 1270 517 1324 Christi
536 1269 673 1324 fidelibus
701 1271 739 1324 ad
767 1289 840 1341 quos
868 1289 998 1341 praesens
1027 1272 1170 1342 seriptum
1198 1289 1263 1342 per·
1276 1275 1349 1326 Al).
1369 1282 1433 1327 ΡΜ

207 1356 331 1418 venerit,
346 1355 500 1417 Silvester,
515 1354 571 1407 Dei
591 1356 688 1425 gratia
700 1355 925 1425 ll'ygorniensis
944 1357 1110 1427 episcopus,
1124 1368 1264 1410 aeternam
1276 1349 1371 1393 ’¹²¹⁸-

209 1438 239 1491 in
259 1438 383 1492 Domino
402 1439 536 1493 salutern.
1277 1410 1431 1527 gffi'ffle.

244 1523 292 1577 Ad
309 1523 442 1577 notitiam
468 1536 596 1578 vestram
616 1523 752 1578 volumus
779 1526 934 1595 pervenire
962 1543 1014 1579 uos
1039 1540 1151 1579 cartam
1179 1541 1265 1578 rene·
1278 1543 1409 1607 bishopof

209 1607 310 1661 rabilis
336 1607 561 1678 praedecessoris
587 1610 679 1662 nostri
707 1609 850 1663 Johunnis
879 1609 1104 1679 ll'ygorniensis
1135 1608 1266 1679 episcopi
1280 1609 1433 1659 worcester.

209 1692 372 1762 inspexisse
391 1691 465 1745 hauc
485 1693 609 1745 sormam
628 1693 843 1746 continentem:

316 1775 470 1830 [niversis
490 1775 604 1830 Sauctae
623 1776 727 1830 Matris
747 1778 879 1831 ecelesite
898 1777 966 1831 filiis
986 1777 1022 1830 ad
1044 1795 1117 1848 quos
1136 1795 1265 1847 praesens
1279 1777 1348 1827 Μ).
1362 1783 1426 1827 1196

283 1860 425 1931 seriptum
448 1861 624 1930 pervenerit,
651 1860 810 1923 Johanne-‚
839 1861 893 1914 Dei
919 1863 1014 1930 gratia
1042 1851 1371 1959 llygornieusis·¹¹}⁸·

282 1945 447 2014 episcopus,
467 1944 592 1998 salutem
612 1945 642 1998 in
661 1944 795 1998 Domino.
1278 1911 1341 2029 gd·
1355 1927 1436 1976 ψ’

317 2028 442 2082 Noverit
454 2029 631 2082 universitas
650 2042 749 2082 restra
760 2046 813 2082 nos
832 2030 1024 2093 concessisse,
1044 2044 1073 2084 et
1092 2031 1266 2085 auctoritate

283 2110 441 2182 episcopali
471 2112 667 2176 confirmasse,
700 2112 814 2166 dilectis
841 2113 871 2165 in
899 2112 1018 2167 Christo
1048 2113 1117 2167 filiis
1148 2114 1267 2167 Thornar

283 2196 381 2249 abbati
401 2202 431 2249 ct
454 2195 603 2249 monacbis
625 2195 724 2249 Sancti
744 2196 826 2249 Petri
846 2195 1049 2251 Gloueestrite.
1070 2196 1143 2251 duas
1161 2197 1268 2266 garbas

283 2278 405 2333 decimae
435 2279 472 2332 dc
498 2278 750 2348 Kynemeresorde
777 2297 843 2332 eum
875 2281 962 2334 ten-is
993 2293 1022 2335 et
1050 2281 1174 2349 reliquis.
1204 2298 1268 2351 per-

283 2364 416 2417 tinentiis
435 2381 508 2433 quas
533 2363 673 2416 haerena:
697 2362 900 2432 possederunt.
921 2365 951 2416 in
970 2378 1145 2433 perpetuum
1164 2364 1271 2418 haben-

283 2446 336 2500 das
372 2461 401 2500 et
439 2447 467 2500 in
505 2448 638 2516 proprios
676 2464 747 2499 usus
785 2447 1007 2501 convertendus.
1064 2447 1270 2502 Concessimus

286 2533 385 2585 etiam·
406 2544 436 2584 et
465 2530 599 2585 dedimus
631 2530 742 2584 eisdem
784 2546 910 2601 quatuor
942 2549 1056 2586 mareas
1088 2532 1204 2600 argenti
1241 2532 1271 2585 in

286 2614 398 2669 sicaria
427 2614 560 2668 eeclesia.²
590 2614 626 2667 de
658 2613 911 2685 Kynemeresorde
943 2614 1069 2683 singulis
1100 2614 1183 2669 annis
1220 2632 1272 2684 per

285 2715 405 2752 manum
423 2697 527 2751 vicarii
546 2697 760 2769 percipiendas.

323 2781 402 2848 Quas
414 2782 617 2836 concessiones·
629 2796 659 2835 et
668 2780 839 2834 donationes
854 2779 913 2851 [ut]
928 2781 958 2834 in
971 2780 1077 2835 suturis
1091 2781 1273 2851 temporibus

287 2880 359 2918 ratze
384 2878 520 2918 maneant
545 2880 574 2918 ct
602 2865 793 2919 inconcussae.
821 2865 960 2933 praesenti
987 2865 1098 2934 scripto
1123 2880 1153 2918 et
1179 2865 1273 2935 sigilli

287 2948 380 3003 nostri
398 2949 561 3018 patrocinio
579 2949 828 3019 perpetuarimns.

254 3031 352 3085 ‚iliam
370 3032 460 3085 etiam
478 3031 611 3101 ejusdem
631 3031 807 3085 venerabilis
826 3033 919 3101 patris
938 3031 1162 3103 praedecessoris
1180 3033 1273 3087 nostri

218 3130 329 3169 cartam
348 3116 486 3168 similiter
505 3116 685 3186 inspeximus
705 3113 833 3168 subhac
852 3116 962 3169 forma:

325 3198 467 3252 Omnibus
498 3198 610 3253 Christi
648 3198 782 3252 fidelibus
807 3198 845 3252 ad
875 3218 948 3269 quos
975 3217 1103 3271 praeseus
1131 3202 1272 3272 seriptum
1287 3196 1444 3247 Mimo-

291 3284 466 3352 pervenerit.
487 3282 646 3337 Johannes.
667 3282 722 3336 Dei
752 3284 846 3351 gratia
865 3283 1088 3354 ll'ygorniensis
1107 3286 1272 3356 episcopus,
1287 3269 1363 3380 &⁹3

291 3367 415 3421 salutem
435 3368 465 3420 in
485 3366 619 3420 Domino.
1286 3346 1378 3447 „me

326 3450 409 3504 Adeo
445 3452 553 3505 nostris
589 3452 769 3521 temporibus
802 3469 879 3505 saera
916 3452 1097 3521 malignandi
1128 3456 1275 3525 cupiditas

292 3534 432 3589 exerevit.
462 3549 494 3587 nt
525 3552 559 3588 ea
590 3552 656 3603 quae
687 3534 760 3587 bene
789 3548 874 3604 gesta
904 3550 972 3588 sunt
1003 3550 1032 3590 et
1058 3536 1200 3606 disposita
1227 3539 1277 3592 rix

290 3619 464 3672 inconcussa
495 3618 665 3679 subsistere,
693 3617 740 3669 rel
767 3616 866 3670 debita
892 3619 1106 3687 tranquillitate
1137 3622 1275 3690 gaudere.

293 3703 336 3755 Ea
372 3714 500 3773 propter,
538 3701 575 3754 ad
605 3700 822 3771 reprimendam
853 3701 984 3755 omnium
1021 3703 1217 3757 temeritatem
1249 3718 1280 3759 et

294 3786 446 3849 malitium,
477 3785 690 3854 circumspectu
721 3798 887 3838 sanctorum
918 3798 1035 3854 patrum
1065 3784 1206 3841 discretio
1235 3804 1280 3841 rc-

293 3869 466 3938 ligiosoruru
494 3870 558 3939 paci
585 3882 615 3923 et
641 3868 851 3938 tranquillitati
878 3867 979 3922 volens·
1005 3869 1170 3939 providere,
1200 3871 1279 3941 ipsos

294 3952 349 4005 sub
368 3952 555 4022 praelatorum
580 3968 701 4005 suorum
729 3952 909 4021 protectione
937 3952 1138 4023 suscipiendos
1157 3968 1187 4009 et
1205 3953 1280 4008 bona

296 4053 347 4088 sua
367 4034 486 4088 illorum
512 4034 689 4088 auctoritate
717 4034 820 4087 statuit
846 4050 911 4087 esse
938 4036 1144 4091 confirmanda.
1183 4037 1281 4093 Dilec-

295 4134 391 4173 torum
433 4119 526 4187 igitur
564 4119 595 4171 iu
626 4117 746 4172 Christo
785 4118 912 4170 filiorum
943 4119 1063 4173 Thomae
1100 4122 1213 4177 abbatis
1250 4134 1281 4176 et

296 4203 505 4256 monachorum
534 4201 634 4255 Sancti
655 4201 735 4254 Petri
756 4200 950 4255 Gloueestriae
973 4203 1064 4273 justis
1090 4206 1280 4275 petitionibus

296 4298 503 4341 concurrentes
528 4292 614 4354 gralo
641 4303 773 4345 assensu,
801 4297 834 4339 ut
861 4287 911 4354 qui
940 4286 1093 4356 religionis
1115 4304 1144 4343 et
1169 4289 1281 4344 ordinis

296 4370 483 4424 observantia
500 4382 663 4423 noscuntur
681 4370 792 4421 enitere
819 4369 912 4422 cultui
934 4369 1035 4425 divino
1052 4386 1082 4426 et
1100 4374 1387 4433 orationilrusfiuob.

297 4455 419 4507 liberius
438 4470 542 4506 vacare
570 4453 683 4522 possint
702 4468 732 4505 et
757 4453 897 4522 quietius,
917 4453 996 4524 ipsos¹
1023 4454 1078 4509 sub
1102 4459 1282 4527 protectione

297 4552 397 4591 nostra
424 4538 612 4607 suscipimus,
632 4550 663 4590 et
687 4536 836 4598 eeclesias,
856 4552 960 4601 terras,
979 4538 1118 4603 decimus,
1137 4548 1167 4595 et
1185 4542 1284 4595 omnia

297 4624 372 4677 bona
390 4639 456 4690 quar
483 4639 501 4674 a
525 4619 677 4674 retroactis
703 4621 885 4692 temporibus
913 4623 943 4676 in
968 4622 1097 4693 dyocesi
1121 4640 1223 4679 nostru
1247 4643 1283 4679 ex

1066 4712 1193 4773 1³3⁴-
