3158 5610
376 767 442 831 346
668 779 919 829 cmrumaruu
941 779 1152 829 nennsraun

559 1055 846 1122 CCCXXXVIII.
871 1056 921 1121 De
941 1054 1078 1122 vicano
1099 1055 1256 1142 ejusden

208 1188 358 1240 A·1)·l¹9⁶
416 1202 560 1255 Omnibus
585 1201 697 1257 Christi
721 1201 858 1256 fidelibus
884 1202 923 1257 ad
947 1219 1021 1273 quos
1046 1218 1176 1272 praeflessss
1202 1202 1350 1272 milium
1376 1219 1444 1274 901·

207 1261 299 1306 -119a

210 1338 250 1387 (ll
257 1339 300 1388 the

206 1420 284 1455 seme.

379 1286 501 1348 venerit,
522 1285 680 1350 lohannes,
701 1285 757 1339 Dei
777 1286 874 1356 gretia
887 1285 1112 1357 Wygeruieusis
1130 1285 1299 1358 episcopus,
1314 1285 1443 1345 salutem

379 1369 409 1422 in
429 1369 562 1423 Domino.
824 1370 828 1378 ’

413 1453 462 1506 Ad
480 1454 680 1509 universitatis
697 1460 805 1508 vestrm
825 1453 961 1508 notitiam
979 1453 1116 1508 volumus
1134 1453 1291 1523 pervenire
1319 1472 1383 1518 nos,
1404 1453 1442 1507 ud

378 1538 632 1607 pinrsentationem
651 1537 825 1593 dilectorum
850 1539 883 1592 iu
901 1536 1021 1593 Christe
1039 1537 1168 1592 filiorum
1186 1537 1308 1593 Thomu)
1327 1539 1442 1595 abbatis

378 1628 408 1675 et
434 1616 642 1677 monachorum
670 1622 769 1678 Sancti
792 1622 875 1677 Petri
903 1621 1106 1686 Gloucestriae,
1126 1622 1309 1677 concessisse
1337 1629 1368 1677 et
1393 1624 1443 1678 de-

377 1705 457 1759 disse
481 1706 625 1776 magistro
642 1706 800 1761 Ambrosio
826 1705 935 1760 clerice
959 1705 1100 1761 vicariam
1125 1706 1259 1762 ecclesius
1287 1706 1325 1761 de
1350 1707 1443 1764 Kine·

378 1789 540 1843 merelorde
579 1808 646 1845 cum
684 1791 818 1846 omnibus
855 1790 1040 1860 pertinentiis
1077 1789 1150 1855 suis,
1194 1791 1226 1845 in
1261 1797 1441 1862 perpetuum

377 1872 549 1938 habendam,
571 1874 649 1929 sicut
667 1893 798 1946 unquam
817 1874 992 1945 Radulphus
1020 1874 1219 1945 praedeeessor
1237 1876 1304 1945 ejus
1323 1876 1440 1947 plenius

358 1974 442 2017 ,eam
461 1964 491 2012 et
508 1958 631 2013 liberius
649 1958 769 2027 habuit3
790 1959 872 2015 salva
892 1976 990 2013 ennae
1006 1958 1146 2030 pensione
1172 1965 1301 2029 quatuor
1327 1978 1439 2015 marca·

240 2046 247 2071 ‘
274 2076 280 2089 ·
378 2041 716 2113 rumqnampraedictis
735 2042 833 2097 abbati
853 2048 884 2096 et
904 2041 1054 2096 monachis
1073 2042 1225 2096 incudem
1242 2042 1356 2097 vicaria
1374 2062 1440 2098 con-

378 2125 520 2180 cessimus
540 2132 570 2180 et
588 2125 724 2181 dedimus
743 2127 871 2197 singulis
889 2126 972 2181 annis
991 2125 1219 2197 percipiendam.
1256 2127 1299 2182 Et
1317 2134 1353 2182 ut
1377 2128 1439 2183 haec

378 2216 479 2263 nostra
497 2209 615 2264 donatio
633 2217 805 2280 perpetuam
824 2210 955 2265 obtineat
978 2209 1180 2274 stabilitatem,
1201 2227 1267 2265 eam
1285 2213 1440 2281 presentis

378 2292 481 2364 scripti
500 2293 685 2349 annotatione
705 2301 736 2349 et
753 2293 846 2363 sigilli
865 2294 958 2349 nostri
977 2293 1157 2366 appositione
1175 2295 1390 2351 roboravimus.

681 2525 930 2593 oooxxxlx.
955 2525 1003 2591 De
1025 2524 1144 2592 cedent

416 2661 558 2719 Omnibus
590 2663 704 2719 Sancta)
730 2664 837 2719 Matris
862 2662 1003 2718 Eeclesiae
1034 2662 1104 2717 liliis
1136 2663 1173 2718 ad
1205 2680 1280 2734 quos
1310 2681 1440 2735 praesens

281 2789 286 2800 .
382 2748 524 2819 scriptum
549 2749 725 2820 pervenerit,
745 2748 904 2811 Walterus,
930 2747 985 2801 Dei
1015 2748 1110 2817 gratia
1127 2747 1356 2818 Wygorniensis
1380 2748 1439 2819 epi·

381 2849 496 2903 scopus,
518 2833 642 2889 salutem
661 2840 691 2888 et
708 2832 947 2887 benedictionem.

415 2915 541 2972 Noverit
568 2917 745 2972 universitas
772 2922 872 2971 vestra
897 2933 959 2980 nos,
990 2914 1027 2970 ad
1054 2915 1313 2986 presentationem
1338 2915 1438 2971 dilecti

380 3000 433 3053 filii
463 3002 557 3055 nostri
588 2999 739 3072 H[enrici]
767 3000 880 3055 abbatis
914 3006 943 3055 et
970 3007 1130 3055 conventus
1157 3000 1361 3065 Gloueestriae,
1391 2999 1437 3054 ad·

379 3084 495 3138 misisse
508 3085 692 3140 Willelmum
712 3086 747 3139 de
761 3084 899 3139 Fnrnelle
912 3085 949 3139 ad
967 3092 1138 3155 perpetuam
1150 3085 1295 3139 vicariam
1308 3086 1437 3140 ecclesian

379 3169 414 3222 de
434 3170 703 3238 Kynemerel'ordm
732 3170 886 3223 tenendam
910 3175 940 3223 et
964 3169 1126 3223 habendum
1155 3169 1232 3224 siunt
1260 3188 1324 3224 eum
1345 3171 1437 3225 tenuit

380 3263 409 3306 et
428 3253 531 3307 lralnrit
543 3252 689 3307 Mathreus
709 3254 745 3306 de
766 3253 890 3324 Gygony
904 3253 1101 3324 proedecessor
1119 3254 1193 3323 ojus.
1215 3254 1307 3310 salvis
1325 3256 1436 3310 scilieet

379 3337 560 3408 litationibus
586 3336 732 3391 dictinum
755 3338 963 3391 monachorum
996 3338 1158 3407 antiquitus
1183 3339 1293 3394 habitis
1319 3346 1348 3393 et
1372 3358 1434 3410 pos·

378 3420 477 3483 sessis,
492 3426 522 3475 ct
534 3420 616 3474 salva
627 3421 764 3491 pensione
778 3426 903 3492 quatuor
921 3439 1085 3475 marcarum
1104 3424 1275 3478 memoratis
1287 3423 1434 3478 monachis

378 3505 526 3560 annuatim
545 3504 582 3559 ad
601 3506 709 3559 festum
727 3505 881 3559 Michaelis
900 3505 1124 3560 reddendarum.

413 3590 449 3643 In
468 3589 552 3659 enjus
572 3589 616 3642 rei
636 3589 844 3654 testimoninm,
865 3596 920 3644 etc.

720 3805 875 3872 OOOXL.
899 3807 948 3871 De
972 3808 1088 3872 codem.

416 3949 556 4001 Omnibus
576 3947 613 4001 ad
632 3964 704 4017 ques
724 3953 882 4016 praesentes
902 3946 1010 4001 litterar
1037 3947 1234 4017 pervenerint,
1274 3947 1309 4003 G.
1340 3948 1433 4003 dictus

380 4031 460 4101 prior
480 4030 650 4086 Lanthoniru
669 4030 755 4101 juxta
777 4030 1001 4095 Gleucestriam,
1023 4030 1148 4085 salutem
1167 4031 1197 4085 in
1218 4031 1355 4086 Domino.

414 4115 539 4169 Noverit
558 4115 735 4170 universitas
755 4122 854 4170 vestra
880 4132 932 4169 nes
960 4115 1128 4169 interfuisse
1155 4115 1272 4185 quande
1290 4115 1433 4171 Muthuus

377 4198 413 4252 ‹lc
442 4198 566 4268 (lygony
593 4199 758 4268 resignavit
789 4201 819 4253 in
849 4217 936 4252 manu
962 4197 1072 4252 domini
1100 4198 1213 4253 abbatis
1241 4199 1432 4254 Glaucestrire

375 4283 517 4336 vicariam
548 4282 679 4336 ecelesia
706 4284 742 4336 de
771 4282 1021 4353 Kynemeveserde
1048 4300 1135 4352 spnnm
1165 4283 1270 4338 habuit
1297 4284 1334 4337 de
1363 4285 1433 4338 dono

375 4367 506 4436 ejusdem
527 4366 648 4420 olibetis.

409 4451 445 4503 'ln
463 4449 546 4519 enjus
566 4451 609 4504 rei
629 4450 829 4506 testimoninm
848 4449 915 4505 lias¹
935 4450 1050 4505 litteras
1069 4450 1177 4520 sigillo,
1198 4456 1254 4506 etc.

374 4575 419 4581 ·—-
472 4577 479 4580 κ
491 4575 579 4581 --—-—
605 4577 608 4580 -
623 4576 661 4580 ---
674 4575 1006 4585 ————-.-·.-—-——-
1017 4576 1376 4584 ..—--—.--—---—-—
1389 4577 1403 4582 .-

781 4653 787 4681 ¹
807 4650 866 4715 ltus]
886 4651 954 4710 haas,
967 4649 1023 4699 MS.
