3158 5610
383 733 449 795 318
674 741 925 794 caurnauamu
948 744 1158 795 sonuerunt

502 1003 631 1068 CCXC.
656 1003 704 1068 Dc
728 1010 821 1068 terro
844 1004 936 1068 inter
955 1011 1075 1089 pontes
1099 1005 1326 1071 (iloacaatricr.

216 1165 361 1215 orlandi„
421 1150 521 1205 Sciant
540 1159 697 1221 praesentes
730 1158 759 1206 at
789 1152 890 1207 futuri.
912 1152 990 1221 quod
1021 1171 1076 1222 ego
1106 1153 1242 1217 Thomas,
1264 1153 1320 1206 Dei
1352 1155 1453 1225 gretia

215 1231 370 1281 Gloucffiter·
384 1234 471 1287 abbas
492 1233 683 1289 Gloucestrire
696 1243 733 1290 et
745 1243 904 1289 conventus
917 1237 1125 1291 monachorum
1145 1237 1244 1292 Sancti
1264 1237 1361 1295 Petri.
1383 1256 1452 1294 con-

384 1319 524 1374 cessimus
544 1319 693 1374 Willelmo
718 1320 778 1374 filio
805 1319 933 1383 Godrici,
954 1320 1108 1375 tenendam
1133 1322 1168 1375 de.
1193 1321 1321 1376 ecclesia
1346 1329 1452 1378 nostra

384 1403 412 1457 in
438 1404 521 1458 feodo
541 1410 571 1458 et
587 1404 768 1468 haereditate,
788 1411 898 1459 terram
922 1405 999 1460 inter
1025 1405 1096 1460 duos
1123 1418 1224 1477 pontes
1251 1406 1452 1461 Gloucestriae

384 1506 472 1557 quam
490 1489 573 1559 prius
602 1495 730 1559 emptam
754 1490 790 1543 de
815 1488 932 1543 Emiaio
957 1488 1018 1543 filio
1036 1490 1177 1553 wlfwini,
1198 1490 1347 1545 Ricardus
1374 1491 1452 1545 Bur·

384 1572 447 1640 geis
466 1572 588 1626 tradidit
606 1573 702 1626 eidem
721 1572 870 1628 Willelmo
889 1574 944 1627 sub
968 1578 1049 1627 carta
1072 1584 1102 1629 ct
1124 1574 1223 1644 sigillo
1243 1592 1297 1628 suo
1315 1576 1349 1629 in
1374 1574 1449 1629 hun-

384 1655 473 1709 dredo
492 1674 590 1710 coram
607 1657 742 1711 testibus.
764 1663 793 1710 ct
811 1663 913 1727 postea
937 1657 1018 1709 dedit
1036 1675 1099 1710 eam
1119 1657 1238 1728 capellae
1259 1677 1326 1728 quae
1347 1665 1393 1713 eat
1419 1659 1449 1711 iu

383 1739 458 1792 colla
475 1740 657 1794 infirmorum
675 1741 882 1795 monachorum
896 1740 1104 1798 Glaucestriae:
1126 1741 1207 1794 salvo
1221 1742 1290 1809 jure
1310 1742 1448 1812 praedicti

383 1823 535 1885 Willelmi,
556 1830 586 1878 ct
613 1825 802 1878 conventione
829 1825 883 1878 sub
910 1843 968 1894 qua
994 1824 1138 1878 Ricardus
1167 1843 1230 1878 carn
1260 1840 1447 1880 concesserat

383 1906 477 1960 eidem
496 1908 653 1971 Willelmo,
681 1909 793 1962 scilicet
819 1909 896 1977 quod
924 1909 991 1962 inde
1017 1908 1119 1962 reddet
1146 1908 1296 1978 praedictae
1322 1910 1446 1981 capelia>

383 1991 507 2061 singulis
533 1992 614 2046 annis
646 1998 705 2047 tres
738 1992 846 2047 solidos
878 1999 907 2046 et
932 1999 992 2046 tres
1021 1993 1164 2051 denarios,
1191 1993 1381 2047 medietatam
1407 1993 1445 2047 ad

383 2075 489 2129 festum
517 2075 616 2130 Sancti
643 2075 808 2139 Michaelis.
829 2082 859 2129 et
885 2076 1072 2130 medietatem
1098 2076 1135 2129 ad
1162 2077 1285 2131 Pascha.
1325 2079 1365 2132 Et
1390 2096 1442 2131 uos

382 2160 594 2231 aquietabimua
607 2160 701 2231 ipsam
713 2165 823 2214 terram
836 2160 871 2213 de
883 2160 1061 2228 landgabuio
1074 2160 1199 2214 duorum
1212 2161 1401 2215 denariorum
1414 2174 1442 2215 et

382 2245 468 2298 unius
488 2244 564 2298 oboli
583 2244 620 2297 ad
637 2243 770 2314 hokeday
790 2261 862 2313 erga
879 2261 981 2313 regem
1006 2243 1042 2296 dc
1062 2244 1145 2313 cujus
1165 2244 1250 2297 feodo
1276 2252 1330 2298 est.
1359 2243 1442 2298 AEdi-

383 2327 448 2381 ficia
465 2346 547 2389 vero,
575 2346 640 2397 quoe
660 2328 779 2382 fuorimt
806 2328 837 2381 in
862 2327 1003 2397 praedicta
1030 2336 1109 2382 terra
1135 2327 1250 2398 quando
1272 2327 1442 2382 Willelmus

383 2412 492 2482 recepit
510 2429 574 2465 eam
593 2411 629 2465 de
642 2411 777 2474 Ricardo,
798 2412 918 2465 suerunt
936 2412 1099 2482 appretiata
1115 2429 1168 2481 per
1180 2413 1280 2466 visum
1299 2412 1441 2482 legalium

382 2496 531 2549 hominurn
550 2495 581 2549 in
598 2495 705 2566 viginti
724 2494 835 2559 solidis,
855 2501 890 2549 ut
908 2496 932 2547 ai
952 2497 1028 2549 forte
1053 2495 1156 2549 domus
1181 2496 1282 2566 aliquo
1303 2513 1374 2551 casu
1393 2498 1441 2550 ‹ie-

381 2580 519 2644 cidorent,
539 2579 590 2634 vel
607 2579 766 2634 deteriores
786 2579 896 2642 fierent,
918 2579 966 2633 vel
984 2579 1152 2634 Willelmus
1174 2598 1233 2635 non
1256 2587 1359 2650 posset
1377 2599 1442 2636 con-

381 2665 545 2718 ventionem
564 2670 663 2717 tenere
680 2663 728 2717 vol
747 2663 846 2726 nollet,
868 2663 971 2717 reddat
991 2664 1075 2717 nobis
1094 2664 1193 2718 domos
1213 2682 1261 2719 eas
1282 2672 1312 2719 ct
1330 2672 1439 2720 terrani

381 2749 481 2818 quales
500 2748 612 2818 recepit
630 2753 681 2801 aut
698 2748 836 2817 pretium,
857 2747 892 2800 de
912 2766 970 2818 qua
988 2747 1125 2803 videlicet
1138 2751 1328 2803 conventione
1348 2750 1440 2804 fideli·

381 2841 426 2885 ter
453 2833 590 2903 utrinque
611 2831 753 2886 servanda
770 2830 938 2884 Willelmus
963 2838 1097 2902 exparte
1123 2848 1177 2885 sua
1198 2834 1338 2902 praestitit
1356 2833 1439 2887 nobis

381 2916 552 2981 cautionem,
573 2917 651 2971 etin
671 2915 771 2970 eadem
799 2921 878 2970 terra
899 2915 949 2984 jus
968 2915 1099 2970 ecclcsiae
1123 2922 1231 2968 nostrae
1256 2918 1439 2971 conservabit

381 2999 507 3054 illesum
525 3007 555 3055 et
572 3001 721 3070 integrum
740 3018 792 3070 pro
810 3018 896 3070 possa
915 3018 977 3063 suc,
991 3017 1044 3053 nec
1057 2999 1156 3069 aliquo
1175 3000 1261 3053 modo
1281 3001 1440 3055 transferat

381 3102 454 3147 eam,
468 3085 515 3138 vel
535 3084 571 3138 ad
590 3085 680 3137 alium
693 3084 845 3153 religionis
859 3085 955 3137 locum
975 3086 1037 3138 sine
1056 3102 1176 3138 assensu
1195 3091 1297 3139 nostro
1309 3086 1357 3139 vel
1376 3103 1439 3157 per·

382 3169 466 3222 s0na¹
489 3166 684 3238 [transferet],
704 3186 758 3222 nec
779 3185 832 3237 per
860 3185 890 3221 ae
915 3185 968 3221 nec
987 3185 1040 3236 per
1059 3168 1149 3221 alium
1181 3174 1276 3222 artem
1307 3172 1439 3239 exquiret

380 3270 433 3307 nec
445 3253 596 3322 ingenium
615 3269 682 3322 quo,
697 3252 733 3305 dc
746 3251 885 3322 praedicto
904 3257 1077 3315 tenement0,
1093 3252 1303 3307 detrimontum
1316 3254 1440 3307 ecclesia

380 3343 479 3391 nostra
496 3337 543 3391 vel
561 3336 803 3406 impedimentum
821 3336 960 3390 incurrat.

414 3420 476 3475 Nos
502 3425 600 3475 autem
628 3438 663 3472 ex
688 3426 771 3490 parte
798 3424 897 3474 nostra
924 3420 979 3473 sub
1006 3421 1188 3490 cyrographo
1213 3429 1388 3491 presentem
1411 3423 1436 3474 ei
1472 3461 1474 3465 -

379 3511 489 3559 cartam
509 3504 639 3558 ecclesiae
657 3509 764 3557 nostru
784 3504 882 3572 sigillo
901 3503 1075 3558 tradidimus
1095 3505 1305 3561 confirmatam.
1326 3513 1382 3560 etc.

501 3816 646 3884 CCXCI.
670 3817 719 3881 Dc
740 3838 848 3900 praec
871 3839 945 3903 quae
968 3813 1101 3881 dicitur
1123 3816 1303 3898 Pcppruve.

209 3929 279 3981 Ab.
294 3937 358 3984 1100
416 3935 572 4000 Henricua
593 3955 644 3990 rex
662 3937 789 4007 Angliae‚
813 3937 965 4007 Sampsoni
985 3933 1212 4006 [wigorniensi]
1234 3938 1381 4007 episcopo,
1408 3946 1436 3988 et

210 4003 301 4049 '¹¹¹2
380 4019 509 4075 Waltero
527 4021 692 4075 vicecomiti
725 4020 760 4073 da
786 4019 979 4083 Gloucestria,
1013 4026 1042 4074 et
1065 4020 1221 4074 baronibus
1254 4018 1376 4072 Francis
1408 4030 1437 4070 ct

211 4075 324 4143 Oany-
378 4105 484 4175 Anglis
504 4104 539 4158 dc
559 4103 809 4175 Gioucestresyra,
831 4106 967 4160 salutem.

211 4157 297 4206 grove.
413 4188 556 4260 Praecipio
581 4187 659 4259 quod
681 4188 814 4243 monachi
839 4188 874 4242 de
900 4188 1085 4243 Glouceatria
1107 4187 1232 4242 habeant
1256 4204 1380 4257 gravam
1406 4187 1435 4239 iu

377 4273 496 4327 bertona
521 4290 586 4327 mea
612 4290 679 4327 oum
705 4278 784 4326 terra
813 4290 901 4342 quam
931 4271 999 4325 dedi
1025 4274 1067 4326 eis
1095 4290 1148 4343 pro
1174 4271 1323 4325 escambio
1348 4279 1435 4325 terrae

377 4357 426 4410 ubi
446 4358 536 4412 turris
554 4374 620 4410 mea
638 4356 728 4419 sedet,
749 4364 778 4410 et
795 4355 861 4408 voio
879 4361 913 4408 ut
930 4355 1003 4408 bene
1023 4362 1052 4409 et
1069 4355 1226 4409 honorifice
1245 4361 1372 4409 teneant.

380 4543 772 4551 --nae-—umwc-——u-
782 4543 870 4549 ———-
891 4544 900 4547 -
916 4543 1427 4553 -—·—>.-——-—.—.—-———-

770 4653 775 4680 ¹
794 4650 958 4719 carperem]
973 4654 1026 4715 (i).
