3158 5610
367 744 432 809 234
656 754 906 806 emrummun
928 751 1138 805 noussrnuu

366 952 413 989 mo
439 935 470 988 in
494 938 678 1005 perpetuum,
711 933 789 987 sicut
818 932 1046 1002 praenominstus
1076 932 1169 1004 Hugo
1194 932 1329 989 Pur-chen
1355 948 1426 988 mec

366 1018 532 1073 testimonio
568 1024 599 1073 ct
633 1034 698 1072 meo
734 1033 856 1072 assensu
892 1015 1003 1071 eisdem
1039 1017 1189 1073 monachis
1225 1035 1291 1073 eom
1326 1016 1424 1081 dedit,

365 1101 505 1157 videlicet
533 1119 601 1156 cum
630 1100 709 1155 omni
740 1100 875 1156 libertate
900 1106 930 1154 et
954 1101 1164 1156 consuetudine
1195 1119 1285 1172 quom
1311 1100 1425 1157 habere

365 1184 452 1240 debet
478 1185 509 1239 in
534 1185 662 1256 pasturis
688 1190 718 1239 ct
743 1184 809 1239 aliis
835 1183 1021 1255 pertinentiis
1048 1185 1111 1240 suis
1136 1185 1215 1241 sicut
1243 1202 1311 1239 enm
1335 1190 1425 1257 poter

364 1287 447 1323 meus
489 1287 620 1339 unquam
664 1269 787 1323 liberius
823 1282 854 1324 et
888 1268 995 1322 molius
1031 1270 1135 1324 tenuit.
1190 1269 1312 1325 Praerati
1349 1286 1424 1324 vero

364 1353 498 1407 monachi
524 1353 649 1423 singulis
675 1353 758 1407 annis
784 1353 821 1407 nd
847 1354 955 1409 festum
980 1352 1080 1409 Sancti
1099 1353 1227 1410 Oswaldi
1249 1352 1425 1425 persolvent

364 1437 447 1500 mihi,
472 1442 503 1492 et
528 1444 595 1507 pest
623 1454 669 1491 me
695 1435 862 1492 haercdibus
889 1437 974 1500 meis,
995 1455 1083 1492 unum
1103 1438 1210 1493 libram
1234 1437 1338 1493 cimini
1366 1436 1426 1492 sol·

363 1521 487 1574 vendam
505 1521 621 1575 domino
648 1520 684 1575 dc
703 1520 829 1576 Foxcoto
854 1538 907 1592 per
931 1539 1050 1575 manum
1075 1539 1171 1576 meam
1194 1521 1241 1577 vel
1266 1520 1422 1581 heredum

364 1622 505 1660 nieorum.

399 1688 439 1742 Et
477 1688 547 1759 quin
578 1688 652 1743 hono
690 1688 828 1759 Hugcnis
864 1688 998 1743 Pnrchon
1034 1688 1219 1744 donationem
1255 1696 1286 1744 ct
1321 1707 1422 1744 mcum

365 1773 484 1842 insuper
509 1773 726 1827 concessionem
751 1779 846 1828 ratum
873 1773 905 1827 in
928 1780 1103 1844 perpetuum
1120 1790 1238 1828 munero
1257 1779 1419 1828 etcertum

365 1874 429 1910 esse
452 1856 528 1919 volo,
555 1862 709 1926 utromque
739 1856 877 1927 proesenti
908 1858 1018 1928 scripto
1044 1862 1210 1913 ormototom
1235 1857 1332 1929 sigilli
1359 1858 1418 1912 mei

364 1940 555 2012 impressione
574 1940 752 1995 confirmavi.

559 2116 562 2121 ’
670 2135 895 2203 οΧΧΧνΠΙ.
918 2136 969 2203 ne
992 2136 1111 2204 neem.

401 2278 503 2334 Sciant
521 2282 679 2349 presentes
699 2282 730 2332 ot
748 2276 851 2342 futuri,
873 2279 938 2332 etc.¹

417 2490 603 2558 cxxxlx.
627 2489 675 2555 Dc
697 2489 813 2555 coelem
834 2489 874 2555 de
895 2489 1094 2557 Alcccrulro
1116 2489 1157 2557 dc
1181 2489 1372 2578 Teibruppc

399 2633 500 2693 Sciant
517 2637 675 2705 praesentcs
694 2639 724 2689 ct
741 2632 844 2696 futuri,
865 2630 934 2687 ctc.²

727 2861 822 2927 CXL.
846 2859 896 2925 De
918 2861 1040 2927 cadem.

194 3034 262 3084 Ap),
278 3042 347 3087 1182.
396 3018 469 3071 Har-c
495 3025 540 3073 cst
566 3017 662 3071 finalis
689 3013 843 3070 concordio
866 3014 945 3069 facts
968 3014 1045 3070 inter
1063 3014 1204 3068 Thomcm
1228 3013 1366 3070 obbotcm
1388 3020 1418 3070 ot

192 3102 289 3155 Marcii
360 3106 534 3156 conventum
548 3100 647 3154 Sancti
665 3099 746 3153 Petri
766 3097 958 3152 Glouccstrius
977 3103 1008 3153 et
1024 3097 1207 3153 Willclmum
1219 3097 1255 3151 dc
1268 3098 1418 3169 Bcrkeloy

193 3193 280 3244 Ofthc
359 3185 395 3238 de
414 3191 533 3255 pastura
551 3201 639 3254 quom
657 3183 735 3237 idcm
746 3180 914 3236 Willelmus
933 3180 1077 3236 clamabat
1095 3181 1236 3235 adversus
1256 3181 1416 3252 praedictcs

192 3275 266 3311 wne·
361 3268 493 3322 abbatem
512 3273 542 3322 et
560 3267 714 3321 monachos
733 3267 764 3319 in
781 3265 868 3320 bosco
887 3266 922 3319 dc
941 3283 1031 3336 parvo
1050 3265 1256 3334 Cuthbcrlcyu.

396 3351 539 3406 Convenit
557 3352 633 3405 inter
652 3367 711 3413 cos,
731 3367 828 3404 eoram
842 3349 1018 3419 justiciariis
1038 3349 1147 3402 domini
1165 3349 1255 3419 regis,
1276 3347 1418 3403 videlicet·

361 3437 471 3490 'Phomo
488 3434 548 3488 filio
567 3434 719 3497 Bernordi,
740 3433 833 3486 Alnno
858 3433 893 3486 dc
918 3432 1065 3496 Fumelle‚
1092 3433 1220 3487 Robertc
1238 3432 1275 3486 dc
1293 3432 1417 3502 Wythc-

361 3520 447 3583 felde,
467 3525 498 3573 ct
522 3537 619 3572 eorum
636 3518 786 3573 Willelmo
804 3517 864 3571 filio
884 3516 1025 3587 Stephani
1049 3523 1119 3571 tunc
1137 3516 1319 3580 vicecomite,
1341 3534 1416 3571 nnnc

361 3604 397 3658 ab
433 3603 635 3658 Inoamotione
671 3600 789 3655 Domini
834 3599 992 3654 millesimo
1038 3599 1196 3654 centesimo
1233 3600 1416 3670 octogesimo

204 3741 211 3754 ,
242 3719 264 3757 ·,,
361 3686 496 3750 secundo,
516 3703 616 3740 mense
629 3684 746 3748 MartiO,
767 3684 843 3755 opud
864 3683 1087 3747 Gioncestrinm,
1108 3692 1251 3753 praesentc
1273 3684 1417 3739 comitutu

360 3771 396 3824 dc
427 3770 620 3833 Gicucestria,
641 3769 718 3838 quod
747 3768 974 3839 praenominatus
1003 3766 1181 3831 Willehnus,
1201 3784 1254 3837 pro
1286 3775 1415 3836 quatuor

360 3855 466 3908 marcis
492 3855 617 3924 argenti,
638 3853 822 3907 renunciavit
840 3853 894 3906 toti
916 3852 979 3921 juri
1005 3869 1058 3905 suo
1083 3851 1161 3920 quod
1184 3850 1366 3907 clamaverat
1384 3853 1415 3906 in

360 3939 499 4008 praedicto
517 3939 612 3993 bosco.
651 3937 690 3991 Et
713 3942 747 3990 ut
770 3935 877 3990 certior
900 3935 984 3990 fierct
1001 3935 1064 3989 haec
1082 3935 1235 3989 conventio
1253 3944 1284 3989 et
1302 3935 1416 3990 firmior

361 4022 391 4074 in
421 4022 561 4086 futurum,
591 4040 654 4077 eom
695 4020 830 4092 prasenti
867 4020 976 4091 scripto
1012 4026 1179 4075 omrotatnm
1215 4019 1414 4090 posteriorum

361 4223 381 4228 .-
390 4221 807 4229 ’-ψ-...-

395 4355 482 4403 Urnis
514 4353 534 4403 is
565 4371 580 4404 a
608 4354 737 4418 repetition
765 4356 795 4404 cf
818 4354 860 4404 the
883 4392 886 4435 1
939 4354 1030 4403 ‘³This
1053 4354 1075 4403 is
1105 4371 1120 4402 s
1151 4355 1284 4418 repetition
1313 4355 1345 4404 of
1369 4357 1413 4407 thc

362 4435 606 4486 chartcrnurnbercd
623 4434 781 4492 cxxxvi,
799 4435 859 4483 with
883 4440 886 4503 i
907 4433 1005 4484 churter
1017 4435 1154 4483 number-ed
1166 4435 1412 4497 cxxxvl1.,with

363 4532 378 4566 o
390 4515 437 4563 few
449 4512 773 4576 uni1nportantruriations.
799 4513 859 4562 Cor·
883 4510 886 4567 I
906 4530 920 4562 a
933 4514 980 4563 few
991 4514 1163 4577 nnimportsnt
1173 4514 1316 4565 sanctiens.

359 4611 403 4642 zon
415 4593 437 4641 is
449 4594 547 4642 written
561 4590 645 4653 Crom,
655 4593 704 4641 and
714 4592 783 4641 there
794 4592 816 4641 is
826 4608 859 4642 an
882 4576 886 4669 i

360 4672 478 4722 omission
490 4671 554 4723 after
564 4670 636 4721 libere
647 4677 670 4721 et
680 4672 764 4735 quiete.
