3158 5610
592 730 619 783 e
640 730 742 781 curm
763 731 1017 783 emucmrnm.
1285 714 1331 788 87

280 897 443 978 datibus
459 900 553 988 juste
582 907 620 969 ct
651 903 813 982 cononice,
835 906 1038 972 condonavit
1064 911 1100 972 et
1132 905 1327 992 pacificavit
1340 911 1436 990 uuor

280 1002 328 1067 Et
347 1010 387 1071 ut
407 1004 467 1069 illa
487 1027 554 1091 pn
574 1006 698 1092 ubsque
726 1009 818 1072 omui
846 1010 978 1094 querele
1010 1014 1046 1074 et
1076 1008 1243 1074 calumnie
1264 979 1473 1096 imffi‘*

279 1112 475 1192 peqretuum
496 1108 626 1172 stabilis
654 1116 847 1195 permaneat
871 1112 913 1176 de
935 1110 1070 1176 ecclesie
1098 1111 1213 1177 Sancti
1234 1111 1326 1177 Petri
1336 1122 1483 1185 Q<

279 1207 321 1272 de
343 1208 519 1274 Herfordiu
541 1216 577 1275 et
599 1212 751 1276 omnibus
772 1213 939 1278 beneficiis
961 1214 1067 1278 eidem
1089 1214 1231 1279 ecclcsiae
1253 1236 1327 1299 per·

280 1310 475 1389 tinentrtrus,
505 1313 664 1378 domnum
696 1314 853 1380 abbatem
887 1316 1071 1382 Walterum
1095 1318 1130 1380 in
1153 1317 1330 1402 praeeentic

280 1413 510 1479 uncuicorum
541 1414 666 1503 absque
697 1418 955 1483 contradictione
989 1423 1024 1483 et
1055 1415 1242 1484 calumnia¹
1265 1419 1331 1483 eei·

280 1515 369 1596 sivit
390 1517 629 1605 introitumque
649 1519 741 1585 illiue
762 1520 799 1584 in
813 1521 952 1586 eundem
967 1521 1136 1586 eccleciam
1157 1525 1329 1608 totumque

280 1618 469 1705 hujusmodi
498 1622 704 1688 concordiem
735 1623 936 1688 auctoritate
962 1629 998 1690 et
1019 1623 1248 1690 benedictione
1268 1645 1329 1689 euc

281 1728 317 1787 et
336 1720 400 1787 hoc
419 1721 529 1809 sigillo
551 1746 620 1791 suae
641 1724 785 1791 eceleeiae
806 1725 983 1812 diligenter
1004 1725 1221 1792 confirmavit

667 1951 718 2015 Dc
739 1950 947 2038 Hordpery?

327 2089 403 2156 offa
438 2113 498 2157 rex
535 2092 730 2156 Merciorum
768 2092 862 2158 dedit
898 2094 1040 2158 eccleeiae
1085 2093 1199 2157 Sancti
1238 2094 1328 2158 Petri

282 2193 494 2260 Glouccetriae
527 2196 710 2259 manerium
742 2194 783 2260 de
815 2194 1037 2283 Hardeperye‚
1070 2202 1216 2283 tempore
1247 2197 1329 2262 Evae

281 2295 462 2363 abhetisae.

674 2486 725 2550 De
746 2486 934 2572 Hyrretcne.

326 2633 425 2691 Anno
458 2628 591 2691 Domini
624 2627 874 2714 nongentaeimo
905 2629 1100 2717 octogeeimo
1137 2631 1252 2716 primo,
1274 2628 1332 2693 El-

281 2731 369 2796 ssede
389 2751 479 2794 soror
500 2731 587 2817 regie
609 2731 781 2796 Ethelredi
803 2731 898 2797 dedit
929 2732 1073 2798 eccleeiae
1102 2731 1218 2797 Sancti
1240 2731 1331 2797 Petri

282 2832 494 2898 Glouccetriae
515 2832 697 2919 Hynetone
719 2854 779 2919 pro
801 2834 913 2898 anima
945 2857 1005 2899 sua
1017 2861 1027 2914 ;
1064 2842 1137 2900 emt
1159 2839 1239 2899 tunc
1261 2836 1333 2920 ipse

282 2932 396 3001 vetuh
425 2932 548 3000 eterilie
584 2941 620 3000 et
656 2935 756 2999 nimis
788 2958 899 3023 egene
959 2935 1109 3022 Cumque
1140 2938 1181 3002 dc
1217 2937 1331 3002 eedem

284 3037 540 3124 pcoeemiuncnla
573 3039 784 3124 exigerentur
811 3040 954 3125 quinque
986 3040 1134 3103 homines
1165 3040 1202 3103 in
1235 3061 1333 3126 expe-

282 3139 410 3204 ditione
434 3140 530 3226 regie,
551 3144 588 3204 et
609 3139 755 3205 inveniri
777 3163 845 3206 non
876 3146 1018 3228 possent,
1039 3146 1203 3207 venerunt
1224 3141 1330 3206 clerici

282 3243 340 3329 qui
371 3248 453 3307 tune
483 3248 649 3328 praeeraut
682 3243 825 3309 cceleeiae
856 3243 971 3309 Sancti
995 3243 1088 3309 Petri
1110 3243 1331 3319 Glouccet-riae,

283 3350 319 3410 et
339 3345 561 3430 requisierrmt
583 3343 751 3410 dominam
773 3346 872 3410 illem.
918 3345 1019 3412 Porro
1040 3346 1107 3426 illa,
1137 3347 1174 3411 in
1196 3347 1250 3410 die
1272 3369 1332 3410 ne·

282 3446 343 3513 teli
369 3447 515 3526 Domini,
539 3469 614 3511 cum
636 3455 722 3513 eeaet
742 3471 803 3513 rex
827 3450 863 3512 in
884 3450 1039 3514 convivio
1060 3471 1129 3524 suo,
1150 3448 1332 3535 prostravit

282 3572 318 3614 sc
339 3549 383 3613 ed
403 3550 502 3635 pedes
523 3548 602 3633 ejus,
619 3555 654 3614 et
676 3548 822 3615 obtinuit
844 3557 923 3616 tunc
944 3559 979 3617 et
1001 3551 1152 3637 deinceps
1175 3557 1214 3614 ut
1227 3551 1332 3615 libere

283 3651 328 3717 eit
348 3649 506 3738 pcaecmio
527 3648 587 3715 ille
608 3656 644 3716 et
665 3651 787 3736 quiete

704 3865 758 3931 Dc
778 3864 899 3931 codem.

327 4023 430 4086 Anno
467 4020 605 4084 Domini
642 4020 814 4086 millesimo
851 4018 1028 4084 centesimo
1064 4017 1333 4105 quinquagesimo

283 4130 388 4203 sexto,
417 4122 607 4209 judicatum
639 4121 707 4188 init
739 4124 776 4188 in
808 4122 969 4187 comitetu
1001 4119 1215 4185 Glcuceetriae
1245 4119 1333 4206 quod

284 4228 466 4312 Hynctone
499 4224 681 4290 manerium
714 4224 828 4291 Soneti
851 4224 942 4290 Petri
966 4223 1179 4288 Glcuceetrire
1201 4230 1334 4309 propter

283 4416 291 4420 -
311 4417 390 4422 ——-
427 4415 778 4422 ——---—
798 4417 812 4421 -
828 4416 852 4421 .-
1087 4413 1302 4419 ——-,-.
1316 4415 1324 4418 .

319 4530 479 4596 πωπω]
498 4526 729 4587 culumnimlISS.
828 4526 1333 4591 tusscmngueeuocrimmedirrelypre

317 4608 790 4676 'IuBeg.Oxcu.tt'nuudthet=o
829 4606 1267 4672 cedethueerelningtolierefimt
