<?xml version="1.0" encoding="UTF-8"?>
<!DOCTYPE html PUBLIC "-//W3C//DTD XHTML 1.0 Transitional//EN"
    "http://www.w3.org/TR/xhtml1/DTD/xhtml1-transitional.dtd">
<html xmlns="http://www.w3.org/1999/xhtml" xml:lang="en" lang="en">
 <head>
  <title>
</title>
<meta http-equiv="Content-Type" content="text/html;charset=utf-8" />
  <meta name='ocr-system' content='tesseract 3.04.00' />
  <meta name='ocr-capabilities' content='ocr_page ocr_carea ocr_par ocr_line ocrx_word'/>
</head>
<body>
  <div class='ocr_page' id='page_1' title='image "./historiaetcartu00monagoog_0095.png"; bbox 0 0 3158 5610; ppageno 0'>
   <div class='ocr_carea' id='block_1_1' title="bbox 346 781 1146 849">
    <p class='ocr_par' dir='ltr' id='par_1_1' title="bbox 346 781 1146 849">
     <span class='ocr_line' id='line_1_1' title="bbox 346 781 1146 849; baseline -0.004 -1"><span class='ocrx_word' id='word_1_1' title='bbox 346 781 469 849; x_wconf 72' lang='lat' dir='ltr'>lxxxiv</span> <span class='ocrx_word' id='word_1_2' title='bbox 603 794 785 842; x_wconf 77' lang='lat' dir='ltr'>arrasam</span> <span class='ocrx_word' id='word_1_3' title='bbox 807 792 851 842; x_wconf 83' lang='lat' dir='ltr'>ra</span> <span class='ocrx_word' id='word_1_4' title='bbox 875 795 1146 845; x_wconf 71' lang='lat' dir='ltr'>rnuaonucnon</span> 
     </span>
    </p>
   </div>
   <div class='ocr_carea' id='block_1_2' title="bbox 347 968 1412 1709">
    <p class='ocr_par' dir='ltr' id='par_1_2' title="bbox 347 968 1410 1376">
     <span class='ocr_line' id='line_1_2' title="bbox 347 968 1410 1041; baseline -0.003 -14"><span class='ocrx_word' id='word_1_5' title='bbox 347 990 448 1029; x_wconf 89' lang='lat' dir='ltr'>corum</span> <span class='ocrx_word' id='word_1_6' title='bbox 476 970 595 1041; x_wconf 81' lang='lat' dir='ltr'>aliquod</span> <span class='ocrx_word' id='word_1_7' title='bbox 622 970 735 1025; x_wconf 89' lang='lat' dir='ltr'>ratione</span> <span class='ocrx_word' id='word_1_8' title='bbox 759 969 859 1040; x_wconf 89' lang='lat' dir='ltr'>aliqua</span> <span class='ocrx_word' id='word_1_9' title='bbox 885 968 973 1040; x_wconf 90' lang='lat' dir='ltr'>objici</span> <span class='ocrx_word' id='word_1_10' title='bbox 999 974 1121 1040; x_wconf 77' lang='lat' dir='ltr'><strong>possent</strong></span> <span class='ocrx_word' id='word_1_11' title='bbox 1146 968 1194 1024; x_wconf 85' lang='lat' dir='ltr'>vel</span> <span class='ocrx_word' id='word_1_12' title='bbox 1224 969 1345 1040; x_wconf 87' lang='lat' dir='ltr'>opponi,</span> <span class='ocrx_word' id='word_1_13' title='bbox 1377 975 1410 1024; x_wconf 88' lang='lat' dir='ltr'>et</span> 
     </span>
     <span class='ocr_line' id='line_1_3' title="bbox 348 1052 1409 1125; baseline -0.002 -16"><span class='ocrx_word' id='word_1_14' title='bbox 348 1075 416 1125; x_wconf 80' lang='lat' dir='ltr'>qum</span> <span class='ocrx_word' id='word_1_15' title='bbox 442 1055 525 1108; x_wconf 86' lang='lat' dir='ltr'>nobis</span> <span class='ocrx_word' id='word_1_16' title='bbox 551 1060 581 1110; x_wconf 92' lang='lat' dir='ltr'>et</span> <span class='ocrx_word' id='word_1_17' title='bbox 606 1053 826 1108; x_wconf 86' lang='lat' dir='ltr'>successoribus</span> <span class='ocrx_word' id='word_1_18' title='bbox 845 1052 955 1108; x_wconf 86' lang='lat' dir='ltr'>nostris</span> <span class='ocrx_word' id='word_1_19' title='bbox 974 1057 1096 1123; x_wconf 77' lang='lat' dir='ltr'>possent</span> <span class='ocrx_word' id='word_1_20' title='bbox 1113 1053 1263 1124; x_wconf 76' lang='lat' dir='ltr'>prodesse,</span> <span class='ocrx_word' id='word_1_21' title='bbox 1283 1058 1315 1108; x_wconf 89' lang='lat' dir='ltr'>et</span> <span class='ocrx_word' id='word_1_22' title='bbox 1331 1070 1409 1123; x_wconf 76' lang='lat' dir='ltr'>prte-</span> 
     </span>
     <span class='ocr_line' id='line_1_4' title="bbox 348 1136 1409 1202; baseline -0.002 -9"><span class='ocrx_word' id='word_1_23' title='bbox 348 1138 436 1194; x_wconf 86' lang='lat' dir='ltr'>dictis</span> <span class='ocrx_word' id='word_1_24' title='bbox 475 1139 686 1193; x_wconf 71' lang='lat' dir='ltr'>mercatoribus</span> <span class='ocrx_word' id='word_1_25' title='bbox 724 1142 755 1192; x_wconf 91' lang='lat' dir='ltr'>et</span> <span class='ocrx_word' id='word_1_26' title='bbox 792 1137 880 1192; x_wconf 87' lang='lat' dir='ltr'>sociis</span> <span class='ocrx_word' id='word_1_27' title='bbox 918 1154 952 1191; x_wconf 87' lang='lat' dir='ltr'>ac</span> <span class='ocrx_word' id='word_1_28' title='bbox 992 1136 1192 1202; x_wconf 73' lang='lat' dir='ltr'>societatibus,</span> <span class='ocrx_word' id='word_1_29' title='bbox 1233 1142 1266 1192; x_wconf 89' lang='lat' dir='ltr'>et</span> <span class='ocrx_word' id='word_1_30' title='bbox 1302 1154 1409 1191; x_wconf 87' lang='lat' dir='ltr'>eorum</span> 
     </span>
     <span class='ocr_line' id='line_1_5' title="bbox 347 1219 1409 1291; baseline 0.001 -15"><span class='ocrx_word' id='word_1_31' title='bbox 347 1221 524 1287; x_wconf 85' lang='lat' dir='ltr'>haeredibus,</span> <span class='ocrx_word' id='word_1_32' title='bbox 544 1240 598 1276; x_wconf 88' lang='lat' dir='ltr'>seu</span> <span class='ocrx_word' id='word_1_33' title='bbox 622 1239 725 1276; x_wconf 92' lang='lat' dir='ltr'>eorum</span> <span class='ocrx_word' id='word_1_34' title='bbox 743 1220 832 1275; x_wconf 91' lang='lat' dir='ltr'>alieui</span> <span class='ocrx_word' id='word_1_35' title='bbox 851 1226 903 1275; x_wconf 92' lang='lat' dir='ltr'>aut</span> <span class='ocrx_word' id='word_1_36' title='bbox 920 1219 1075 1275; x_wconf 88' lang='lat' dir='ltr'>attornatis</span> <span class='ocrx_word' id='word_1_37' title='bbox 1094 1237 1147 1275; x_wconf 87' lang='lat' dir='ltr'>seu</span> <span class='ocrx_word' id='word_1_38' title='bbox 1164 1220 1326 1291; x_wconf 60' lang='lat' dir='ltr'>assignatis</span> <span class='ocrx_word' id='word_1_39' title='bbox 1344 1219 1409 1277; x_wconf 79' lang='lat' dir='ltr'>suis</span> 
     </span>
     <span class='ocr_line' id='line_1_6' title="bbox 349 1306 1396 1376; baseline 0.001 -20"><span class='ocrx_word' id='word_1_40' title='bbox 349 1324 467 1376; x_wconf 85' lang='lat' dir='ltr'>quoquo</span> <span class='ocrx_word' id='word_1_41' title='bbox 484 1306 570 1360; x_wconf 87' lang='lat' dir='ltr'>modo</span> <span class='ocrx_word' id='word_1_42' title='bbox 588 1323 703 1359; x_wconf 90' lang='lat' dir='ltr'>nocere.</span> <span class='ocrx_word' id='word_1_43' title='bbox 1320 1326 1324 1331; x_wconf 96' lang='lat'>·</span> <span class='ocrx_word' id='word_1_44' title='bbox 1392 1350 1396 1357; x_wconf 93' lang='lat'><em>.</em></span> 
     </span>
    </p>

    <p class='ocr_par' dir='ltr' id='par_1_3' title="bbox 350 1385 1409 1542">
     <span class='ocr_line' id='line_1_7' title="bbox 384 1385 1409 1459; baseline 0 -17"><span class='ocrx_word' id='word_1_45' title='bbox 384 1390 422 1442; x_wconf 89' lang='lat' dir='ltr'>In</span> <span class='ocrx_word' id='word_1_46' title='bbox 440 1407 565 1459; x_wconf 61' lang='lat' dir='ltr'>(puerum</span> <span class='ocrx_word' id='word_1_47' title='bbox 590 1389 720 1442; x_wconf 89' lang='lat' dir='ltr'>omnium</span> <span class='ocrx_word' id='word_1_48' title='bbox 745 1387 947 1442; x_wconf 87' lang='lat' dir='ltr'>testimonium</span> <span class='ocrx_word' id='word_1_49' title='bbox 974 1387 1169 1458; x_wconf 85' lang='lat' dir='ltr'>proeseutibus</span> <span class='ocrx_word' id='word_1_50' title='bbox 1187 1385 1324 1458; x_wconf 83' lang='lat' dir='ltr'>sigillum</span> <span class='ocrx_word' id='word_1_51' title='bbox 1341 1404 1409 1453; x_wconf 76' lang='lat' dir='ltr'>nos·</span> 
     </span>
     <span class='ocr_line' id='line_1_8' title="bbox 350 1470 1389 1542; baseline -0.001 -16"><span class='ocrx_word' id='word_1_52' title='bbox 350 1479 428 1526; x_wconf 86' lang='lat' dir='ltr'>trum</span> <span class='ocrx_word' id='word_1_53' title='bbox 447 1491 507 1526; x_wconf 83' lang='lat' dir='ltr'>una</span> <span class='ocrx_word' id='word_1_54' title='bbox 524 1490 591 1526; x_wconf 90' lang='lat' dir='ltr'>eum</span> <span class='ocrx_word' id='word_1_55' title='bbox 609 1471 757 1527; x_wconf 88' lang='lat' dir='ltr'>communi</span> <span class='ocrx_word' id='word_1_56' title='bbox 777 1470 877 1542; x_wconf 88' lang='lat' dir='ltr'>sigillo</span> <span class='ocrx_word' id='word_1_57' title='bbox 895 1470 1018 1541; x_wconf 88' lang='lat' dir='ltr'>capituli</span> <span class='ocrx_word' id='word_1_58' title='bbox 1037 1470 1131 1526; x_wconf 87' lang='lat' dir='ltr'>nostri</span> <span class='ocrx_word' id='word_1_59' title='bbox 1148 1476 1195 1525; x_wconf 89' lang='lat' dir='ltr'>est</span> <span class='ocrx_word' id='word_1_60' title='bbox 1212 1488 1389 1540; x_wconf 74' lang='lat' dir='ltr'>appensum.</span> 
     </span>
    </p>

    <p class='ocr_par' dir='ltr' id='par_1_4' title="bbox 351 1552 1412 1709">
     <span class='ocr_line' id='line_1_9' title="bbox 386 1552 1412 1626; baseline 0.001 -17"><span class='ocrx_word' id='word_1_61' title='bbox 386 1555 495 1610; x_wconf 88' lang='lat' dir='ltr'>Datum</span> <span class='ocrx_word' id='word_1_62' title='bbox 520 1556 552 1611; x_wconf 88' lang='lat' dir='ltr'>in</span> <span class='ocrx_word' id='word_1_63' title='bbox 569 1557 697 1626; x_wconf 89' lang='lat' dir='ltr'>capitulo</span> <span class='ocrx_word' id='word_1_64' title='bbox 715 1561 815 1612; x_wconf 87' lang='lat' dir='ltr'>nostro</span> <span class='ocrx_word' id='word_1_65' title='bbox 833 1554 1037 1620; x_wconf 81' lang='lat' dir='ltr'>Glaucestrioe‚</span> <span class='ocrx_word' id='word_1_66' title='bbox 1056 1560 1139 1610; x_wconf 85' lang='lat' dir='ltr'>sexto</span> <span class='ocrx_word' id='word_1_67' title='bbox 1161 1552 1302 1609; x_wconf 84' lang='lat' dir='ltr'>kalendas</span> <span class='ocrx_word' id='word_1_68' title='bbox 1322 1553 1412 1615; x_wconf 80' lang='lat' dir='ltr'>Junit</span> 
     </span>
     <span class='ocr_line' id='line_1_10' title="bbox 351 1636 1313 1709; baseline 0 -17"><span class='ocrx_word' id='word_1_69' title='bbox 351 1657 425 1694; x_wconf 90' lang='lat' dir='ltr'>anno</span> <span class='ocrx_word' id='word_1_70' title='bbox 444 1638 562 1697; x_wconf 85' lang='lat' dir='ltr'>Domini</span> <span class='ocrx_word' id='word_1_71' title='bbox 580 1639 739 1694; x_wconf 88' lang='lat' dir='ltr'>millesimo</span> <span class='ocrx_word' id='word_1_72' title='bbox 756 1638 959 1694; x_wconf 85' lang='lat' dir='ltr'>ducentesimo</span> <span class='ocrx_word' id='word_1_73' title='bbox 976 1638 1170 1709; x_wconf 83' lang='lat' dir='ltr'>nonagesimo</span> <span class='ocrx_word' id='word_1_74' title='bbox 1187 1636 1313 1694; x_wconf 65' lang='lat' dir='ltr'>octavo·¹</span> 
     </span>
    </p>
   </div>
   <div class='ocr_carea' id='block_1_3' title="bbox 442 2031 1336 2221">
    <p class='ocr_par' dir='ltr' id='par_1_5' title="bbox 442 2031 1336 2221">
     <span class='ocr_line' id='line_1_11' title="bbox 442 2031 1336 2120; baseline 0.002 -21"><span class='ocrx_word' id='word_1_75' title='bbox 442 2033 522 2099; x_wconf 89' lang='lat' dir='ltr'><strong>XII.</strong></span> <span class='ocrx_word' id='word_1_76' title='bbox 545 2034 567 2099; x_wconf 91' lang='lat'><em>1</em></span> <span class='ocrx_word' id='word_1_77' title='bbox 570 2033 786 2120; x_wconf 43' lang='lat' dir='ltr'>subiectiones</span> <span class='ocrx_word' id='word_1_78' title='bbox 808 2034 852 2099; x_wconf 79' lang='lat' dir='ltr'>in</span> <span class='ocrx_word' id='word_1_79' title='bbox 872 2031 1081 2098; x_wconf 81' lang='lat' dir='ltr'>nwnusterio</span> <span class='ocrx_word' id='word_1_80' title='bbox 1097 2031 1220 2099; x_wconf 77' lang='lat' dir='ltr'>Sancti</span> <span class='ocrx_word' id='word_1_81' title='bbox 1235 2032 1336 2101; x_wconf 75' lang='lat' dir='ltr'>Petri</span> 
     </span>
     <span class='ocr_line' id='line_1_12' title="bbox 523 2133 1224 2221; baseline -0.004 -18"><span class='ocrx_word' id='word_1_82' title='bbox 523 2135 737 2205; x_wconf 64' lang='lat' dir='ltr'>Germanic</span> <span class='ocrx_word' id='word_1_83' title='bbox 765 2133 1023 2221; x_wconf 76' lang='lat' dir='ltr'>Wyporniensia</span> <span class='ocrx_word' id='word_1_84' title='bbox 1045 2133 1224 2221; x_wconf 77' lang='lat' dir='ltr'>Dyceceaie.</span> 
     </span>
    </p>
   </div>
   <div class='ocr_carea' id='block_1_4' title="bbox 385 2333 1358 2401">
    <p class='ocr_par' dir='ltr' id='par_1_6' title="bbox 385 2333 1358 2401">
     <span class='ocr_line' id='line_1_13' title="bbox 385 2333 1358 2401; baseline 0.001 -15"><span class='ocrx_word' id='word_1_85' title='bbox 385 2337 475 2399; x_wconf 83' lang='lat' dir='ltr'>(From</span> <span class='ocrx_word' id='word_1_86' title='bbox 487 2336 529 2387; x_wconf 86' lang='lat' dir='ltr'>the</span> <span class='ocrx_word' id='word_1_87' title='bbox 542 2334 749 2400; x_wconf 80' lang='lat' dir='ltr'>Archiepiseopal</span> <span class='ocrx_word' id='word_1_88' title='bbox 760 2335 885 2399; x_wconf 68' lang='lat' dir='ltr'>Regiam,</span> <span class='ocrx_word' id='word_1_89' title='bbox 896 2342 923 2384; x_wconf 83' lang='lat' dir='ltr'>at</span> <span class='ocrx_word' id='word_1_90' title='bbox 930 2333 1061 2392; x_wconf 68' lang='lat' dir='ltr'>Iambeffi,</span> <span class='ocrx_word' id='word_1_91' title='bbox 1072 2333 1243 2397; x_wconf 72' lang='lat' dir='ltr'>winchelm,</span> <span class='ocrx_word' id='word_1_92' title='bbox 1253 2336 1289 2386; x_wconf 84' lang='lat' dir='ltr'>so.</span> <span class='ocrx_word' id='word_1_93' title='bbox 1305 2340 1358 2401; x_wconf 81' lang='grc'><strong>78.)</strong></span> 
     </span>
    </p>
   </div>
   <div class='ocr_carea' id='block_1_5' title="bbox 182 2482 1410 2639">
    <p class='ocr_par' dir='ltr' id='par_1_7' title="bbox 182 2482 1410 2639">
     <span class='ocr_line' id='line_1_14' title="bbox 182 2482 1409 2564; baseline -0.003 -17"><span class='ocrx_word' id='word_1_94' title='bbox 182 2500 339 2564; x_wconf 81' lang='lat' dir='ltr'>A.l).1301,</span> <span class='ocrx_word' id='word_1_95' title='bbox 387 2485 543 2549; x_wconf 69' lang='lat' dir='ltr'>Bolanus,</span> <span class='ocrx_word' id='word_1_96' title='bbox 568 2484 760 2556; x_wconf 77' lang='lat' dir='ltr'><strong>permissione</strong></span> <span class='ocrx_word' id='word_1_97' title='bbox 786 2483 887 2537; x_wconf 89' lang='lat' dir='ltr'>divina</span> <span class='ocrx_word' id='word_1_98' title='bbox 911 2482 1131 2539; x_wconf 72' lang='lat' dir='ltr'><strong>cantuariensis</strong></span> <span class='ocrx_word' id='word_1_99' title='bbox 1158 2484 1409 2559; x_wconf 85' lang='lat' dir='ltr'>archiepiscopus,</span> 
     </span>
     <span class='ocr_line' id='line_1_15' title="bbox 183 2566 1410 2639; baseline -0.003 -10"><span class='ocrx_word' id='word_1_100' title='bbox 183 2567 248 2632; x_wconf 62' lang='grc' dir='ltr'>Μ]</span> <span class='ocrx_word' id='word_1_101' title='bbox 259 2573 300 2618; x_wconf 78' lang='lat'>28.</span> <span class='ocrx_word' id='word_1_102' title='bbox 352 2571 442 2627; x_wconf 84' lang='lat' dir='ltr'>tetius</span> <span class='ocrx_word' id='word_1_103' title='bbox 459 2568 577 2639; x_wconf 80' lang='lat' dir='ltr'>Angliae</span> <span class='ocrx_word' id='word_1_104' title='bbox 595 2567 716 2639; x_wconf 86' lang='lat' dir='ltr'>primas,</span> <span class='ocrx_word' id='word_1_105' title='bbox 736 2567 853 2621; x_wconf 88' lang='lat' dir='ltr'>dilectis</span> <span class='ocrx_word' id='word_1_106' title='bbox 872 2567 941 2621; x_wconf 89' lang='lat' dir='ltr'>filiis</span> <span class='ocrx_word' id='word_1_107' title='bbox 960 2566 1059 2622; x_wconf 86' lang='lat' dir='ltr'>abbati</span> <span class='ocrx_word' id='word_1_108' title='bbox 1078 2574 1108 2622; x_wconf 87' lang='lat' dir='ltr'>et</span> <span class='ocrx_word' id='word_1_109' title='bbox 1126 2570 1282 2623; x_wconf 88' lang='lat' dir='ltr'>conventui</span> <span class='ocrx_word' id='word_1_110' title='bbox 1294 2587 1410 2625; x_wconf 84' lang='lat' dir='ltr'>monas·</span> 
     </span>
    </p>
   </div>
   <div class='ocr_carea' id='block_1_6' title="bbox 183 2650 1410 2795">
    <p class='ocr_par' dir='ltr' id='par_1_8' title="bbox 183 2650 1410 2795">
     <span class='ocr_line' id='line_1_16' title="bbox 183 2650 1410 2722; baseline 0.003 -16"><span class='ocrx_word' id='word_1_111' title='bbox 183 2657 340 2720; x_wconf 84' lang='lat' dir='ltr'>lnjuuetions</span> <span class='ocrx_word' id='word_1_112' title='bbox 351 2654 421 2709; x_wconf 90' lang='lat' dir='ltr'>terii</span> <span class='ocrx_word' id='word_1_113' title='bbox 452 2653 551 2708; x_wconf 80' lang='lat' dir='ltr'>Sancti</span> <span class='ocrx_word' id='word_1_114' title='bbox 582 2652 664 2706; x_wconf 86' lang='lat' dir='ltr'>Petri</span> <span class='ocrx_word' id='word_1_115' title='bbox 696 2650 898 2715; x_wconf 82' lang='lat' dir='ltr'>Glaucestriae‚</span> <span class='ocrx_word' id='word_1_116' title='bbox 932 2651 1067 2715; x_wconf 83' lang='lat' dir='ltr'>salntem,</span> <span class='ocrx_word' id='word_1_117' title='bbox 1097 2653 1233 2722; x_wconf 84' lang='lat' dir='ltr'>gratiam,</span> <span class='ocrx_word' id='word_1_118' title='bbox 1262 2658 1294 2709; x_wconf 88' lang='lat' dir='ltr'>et</span> <span class='ocrx_word' id='word_1_119' title='bbox 1322 2654 1410 2710; x_wconf 90' lang='lat' dir='ltr'>bene·</span> 
     </span>
     <span class='ocr_line' id='line_1_17' title="bbox 183 2724 517 2795; baseline -0.012 -2"><span class='ocrx_word' id='word_1_120' title='bbox 183 2724 260 2774; x_wconf 55' lang='grc' dir='ltr'>(Μ</span> <span class='ocrx_word' id='word_1_121' title='bbox 267 2727 339 2775; x_wconf 65' lang='lat' dir='ltr'>mh·</span> <span class='ocrx_word' id='word_1_122' title='bbox 351 2725 517 2795; x_wconf 86' lang='lat' dir='ltr'>dictionem.</span> 
     </span>
    </p>
   </div>
   <div class='ocr_carea' id='block_1_7' title="bbox 183 2789 316 2854">
    <p class='ocr_par' dir='ltr' id='par_1_9' title="bbox 183 2789 316 2854">
     <span class='ocr_line' id='line_1_18' title="bbox 183 2789 316 2854; baseline 0.038 -17"><span class='ocrx_word' id='word_1_123' title='bbox 183 2789 274 2854; x_wconf 85' lang='lat' dir='ltr'>bisbop</span> <span class='ocrx_word' id='word_1_124' title='bbox 285 2792 316 2842; x_wconf 71' lang='lat' dir='ltr'>ol</span> 
     </span>
    </p>
   </div>
   <div class='ocr_carea' id='block_1_8' title="bbox 183 2856 287 2907">
    <p class='ocr_par' dir='ltr' id='par_1_10' title="bbox 183 2856 287 2907">
     <span class='ocr_line' id='line_1_19' title="bbox 183 2856 287 2907; baseline 0.01 -1"><span class='ocrx_word' id='word_1_125' title='bbox 183 2856 287 2907; x_wconf 66' lang='lat' dir='ltr'>Caner-</span> 
     </span>
    </p>
   </div>
   <div class='ocr_carea' id='block_1_9' title="bbox 111 2923 255 2988">
    <p class='ocr_par' dir='ltr' id='par_1_11' title="bbox 111 2923 255 2988">
     <span class='ocr_line' id='line_1_20' title="bbox 111 2923 255 2988; baseline 0.035 -18"><span class='ocrx_word' id='word_1_126' title='bbox 111 2934 114 2939; x_wconf 88' lang='lat'>·</span> <span class='ocrx_word' id='word_1_127' title='bbox 182 2923 255 2988; x_wconf 83' lang='lat' dir='ltr'>bury.</span> 
     </span>
    </p>
   </div>
   <div class='ocr_carea' id='block_1_10' title="bbox 351 2818 1414 4313">
    <p class='ocr_par' dir='ltr' id='par_1_12' title="bbox 351 2818 1414 4130">
     <span class='ocr_line' id='line_1_21' title="bbox 387 2818 1411 2891; baseline 0.003 -16"><span class='ocrx_word' id='word_1_128' title='bbox 387 2822 490 2891; x_wconf 82' lang='lat' dir='ltr'>Nuper</span> <span class='ocrx_word' id='word_1_129' title='bbox 520 2821 550 2874; x_wconf 93' lang='lat' dir='ltr'>in</span> <span class='ocrx_word' id='word_1_130' title='bbox 580 2819 758 2874; x_wconf 87' lang='lat' dir='ltr'>monasterio</span> <span class='ocrx_word' id='word_1_131' title='bbox 787 2825 887 2874; x_wconf 83' lang='lat' dir='ltr'>vestro</span> <span class='ocrx_word' id='word_1_132' title='bbox 916 2818 1057 2890; x_wconf 77' lang='lat' dir='ltr'>praedicto</span> <span class='ocrx_word' id='word_1_133' title='bbox 1093 2818 1270 2875; x_wconf 73' lang='lat' dir='ltr'>visitationis</span> <span class='ocrx_word' id='word_1_134' title='bbox 1301 2828 1411 2878; x_wconf 75' lang='lat' dir='ltr'>nostum</span> 
     </span>
     <span class='ocr_line' id='line_1_22' title="bbox 351 2902 1412 2973; baseline 0.002 -13"><span class='ocrx_word' id='word_1_135' title='bbox 351 2905 478 2961; x_wconf 88' lang='lat' dir='ltr'>officium</span> <span class='ocrx_word' id='word_1_136' title='bbox 502 2909 669 2958; x_wconf 82' lang='lat' dir='ltr'>exercentes</span> <span class='ocrx_word' id='word_1_137' title='bbox 694 2903 859 2958; x_wconf 77' lang='lat' dir='ltr'>invenimus</span> <span class='ocrx_word' id='word_1_138' title='bbox 885 2902 1019 2973; x_wconf 81' lang='lat' dir='ltr'>quaedam</span> <span class='ocrx_word' id='word_1_139' title='bbox 1043 2920 1097 2973; x_wconf 87' lang='lat' dir='ltr'>per</span> <span class='ocrx_word' id='word_1_140' title='bbox 1120 2921 1172 2957; x_wconf 91' lang='lat' dir='ltr'>vos</span> <span class='ocrx_word' id='word_1_141' title='bbox 1200 2922 1235 2958; x_wconf 81' lang='lat' dir='ltr'>ex</span> <span class='ocrx_word' id='word_1_142' title='bbox 1260 2908 1412 2962; x_wconf 81' lang='lat' dir='ltr'>communi</span> 
     </span>
     <span class='ocr_line' id='line_1_23' title="bbox 351 2985 1412 3061; baseline 0 -17"><span class='ocrx_word' id='word_1_143' title='bbox 351 2989 474 3044; x_wconf 89' lang='lat' dir='ltr'>consilio</span> <span class='ocrx_word' id='word_1_144' title='bbox 492 3006 546 3058; x_wconf 86' lang='lat' dir='ltr'>pro</span> <span class='ocrx_word' id='word_1_145' title='bbox 564 2994 663 3041; x_wconf 88' lang='lat' dir='ltr'>vestro</span> <span class='ocrx_word' id='word_1_146' title='bbox 680 2987 826 3056; x_wconf 82' lang='lat' dir='ltr'>regimine</span> <span class='ocrx_word' id='word_1_147' title='bbox 845 2996 906 3041; x_wconf 91' lang='lat' dir='ltr'>tam</span> <span class='ocrx_word' id='word_1_148' title='bbox 925 2987 956 3040; x_wconf 94' lang='lat' dir='ltr'>in</span> <span class='ocrx_word' id='word_1_149' title='bbox 974 2985 1179 3057; x_wconf 80' lang='lat' dir='ltr'>spiritualibus</span> <span class='ocrx_word' id='word_1_150' title='bbox 1197 3005 1287 3057; x_wconf 90' lang='lat' dir='ltr'>quam</span> <span class='ocrx_word' id='word_1_151' title='bbox 1299 2996 1412 3061; x_wconf 88' lang='lat' dir='ltr'>tempo·</span> 
     </span>
     <span class='ocr_line' id='line_1_24' title="bbox 351 3069 1410 3141; baseline 0.002 -14"><span class='ocrx_word' id='word_1_152' title='bbox 351 3072 463 3127; x_wconf 88' lang='lat' dir='ltr'>ralibus</span> <span class='ocrx_word' id='word_1_153' title='bbox 493 3071 607 3127; x_wconf 84' lang='lat' dir='ltr'>utiliter</span> <span class='ocrx_word' id='word_1_154' title='bbox 637 3071 779 3137; x_wconf 88' lang='lat' dir='ltr'>ordinata,</span> <span class='ocrx_word' id='word_1_155' title='bbox 807 3070 878 3125; x_wconf 91' lang='lat' dir='ltr'>lieet</span> <span class='ocrx_word' id='word_1_156' title='bbox 902 3069 1084 3141; x_wconf 82' lang='lat' dir='ltr'>temporibus</span> <span class='ocrx_word' id='word_1_157' title='bbox 1109 3072 1263 3126; x_wconf 86' lang='lat' dir='ltr'>retroactis</span> <span class='ocrx_word' id='word_1_158' title='bbox 1290 3080 1410 3130; x_wconf 82' lang='lat' dir='ltr'>servata</span> 
     </span>
     <span class='ocr_line' id='line_1_25' title="bbox 351 3153 1413 3225; baseline 0.003 -15"><span class='ocrx_word' id='word_1_159' title='bbox 351 3174 410 3210; x_wconf 87' lang='lat' dir='ltr'>non</span> <span class='ocrx_word' id='word_1_160' title='bbox 428 3154 563 3221; x_wconf 82' lang='lat' dir='ltr'>fuissent,</span> <span class='ocrx_word' id='word_1_161' title='bbox 583 3172 648 3224; x_wconf 78' lang='lat' dir='ltr'>qum</span> <span class='ocrx_word' id='word_1_162' title='bbox 672 3172 690 3207; x_wconf 88' lang='lat' dir='ltr'>a</span> <span class='ocrx_word' id='word_1_163' title='bbox 708 3154 791 3209; x_wconf 88' lang='lat' dir='ltr'>nobis</span> <span class='ocrx_word' id='word_1_164' title='bbox 817 3153 964 3225; x_wconf 80' lang='lat' dir='ltr'>petivistis</span> <span class='ocrx_word' id='word_1_165' title='bbox 990 3153 1167 3208; x_wconf 87' lang='lat' dir='ltr'>unanimiter</span> <span class='ocrx_word' id='word_1_166' title='bbox 1185 3155 1361 3222; x_wconf 76' lang='lat' dir='ltr'>confirmari,</span> <span class='ocrx_word' id='word_1_167' title='bbox 1383 3166 1413 3214; x_wconf 85' lang='lat' dir='ltr'>et</span> 
     </span>
     <span class='ocr_line' id='line_1_26' title="bbox 351 3237 1408 3309; baseline 0.004 -15"><span class='ocrx_word' id='word_1_168' title='bbox 351 3239 388 3294; x_wconf 81' lang='lat' dir='ltr'>od</span> <span class='ocrx_word' id='word_1_169' title='bbox 407 3239 535 3295; x_wconf 85' lang='lat' dir='ltr'>suturam</span> <span class='ocrx_word' id='word_1_170' title='bbox 553 3239 597 3293; x_wconf 90' lang='lat' dir='ltr'>rei</span> <span class='ocrx_word' id='word_1_171' title='bbox 616 3238 787 3292; x_wconf 89' lang='lat' dir='ltr'>memoriam</span> <span class='ocrx_word' id='word_1_172' title='bbox 812 3239 843 3291; x_wconf 91' lang='lat' dir='ltr'>in</span> <span class='ocrx_word' id='word_1_173' title='bbox 869 3238 988 3309; x_wconf 91' lang='lat' dir='ltr'>scriptis</span> <span class='ocrx_word' id='word_1_174' title='bbox 1014 3255 1033 3292; x_wconf 84' lang='lat' dir='ltr'>a</span> <span class='ocrx_word' id='word_1_175' title='bbox 1058 3237 1143 3292; x_wconf 86' lang='lat' dir='ltr'>nobis</span> <span class='ocrx_word' id='word_1_176' title='bbox 1170 3239 1359 3296; x_wconf 79' lang='lat' dir='ltr'>corroborata</span> <span class='ocrx_word' id='word_1_177' title='bbox 1377 3248 1408 3298; x_wconf 92' lang='lat' dir='ltr'>et</span> 
     </span>
     <span class='ocr_line' id='line_1_27' title="bbox 351 3321 1411 3395; baseline 0.002 -17"><span class='ocrx_word' id='word_1_178' title='bbox 351 3321 522 3393; x_wconf 78' lang='lat' dir='ltr'>consignata</span> <span class='ocrx_word' id='word_1_179' title='bbox 540 3322 621 3377; x_wconf 88' lang='lat' dir='ltr'>vobis</span> <span class='ocrx_word' id='word_1_180' title='bbox 640 3321 768 3392; x_wconf 85' lang='lat' dir='ltr'>relinqui</span> <span class='ocrx_word' id='word_1_181' title='bbox 787 3321 842 3375; x_wconf 89' lang='lat' dir='ltr'>sub</span> <span class='ocrx_word' id='word_1_182' title='bbox 861 3321 946 3391; x_wconf 83' lang='lat' dir='ltr'>gravi</span> <span class='ocrx_word' id='word_1_183' title='bbox 965 3339 1052 3392; x_wconf 84' lang='lat' dir='ltr'>poena</span> <span class='ocrx_word' id='word_1_184' title='bbox 1070 3321 1213 3377; x_wconf 80' lang='lat' dir='ltr'>decaetero</span> <span class='ocrx_word' id='word_1_185' title='bbox 1225 3341 1260 3377; x_wconf 86' lang='lat' dir='ltr'>ex</span> <span class='ocrx_word' id='word_1_186' title='bbox 1273 3324 1411 3395; x_wconf 88' lang='lat' dir='ltr'>injuncto</span> 
     </span>
     <span class='ocr_line' id='line_1_28' title="bbox 351 3405 1412 3479; baseline 0.002 -17"><span class='ocrx_word' id='word_1_187' title='bbox 351 3414 451 3462; x_wconf 91' lang='lat' dir='ltr'>nostro</span> <span class='ocrx_word' id='word_1_188' title='bbox 480 3405 690 3461; x_wconf 87' lang='lat' dir='ltr'>iuviolabiliter</span> <span class='ocrx_word' id='word_1_189' title='bbox 719 3405 927 3469; x_wconf 83' lang='lat' dir='ltr'>observanda;</span> <span class='ocrx_word' id='word_1_190' title='bbox 970 3422 1023 3459; x_wconf 87' lang='lat' dir='ltr'>nos</span> <span class='ocrx_word' id='word_1_191' title='bbox 1061 3405 1155 3476; x_wconf 84' lang='lat' dir='ltr'>igitur</span> <span class='ocrx_word' id='word_1_192' title='bbox 1191 3412 1251 3462; x_wconf 83' lang='lat' dir='ltr'>tam</span> <span class='ocrx_word' id='word_1_193' title='bbox 1287 3418 1412 3479; x_wconf 91' lang='lat' dir='ltr'>propter</span> 
     </span>
     <span class='ocr_line' id='line_1_29' title="bbox 355 3488 1411 3561; baseline 0.003 -18"><span class='ocrx_word' id='word_1_194' title='bbox 355 3491 537 3545; x_wconf 83' lang='lat' dir='ltr'>honestatem</span> <span class='ocrx_word' id='word_1_195' title='bbox 556 3488 708 3561; x_wconf 82' lang='lat' dir='ltr'>religionis</span> <span class='ocrx_word' id='word_1_196' title='bbox 735 3504 823 3558; x_wconf 81' lang='lat' dir='ltr'>quem</span> <span class='ocrx_word' id='word_1_197' title='bbox 842 3493 961 3558; x_wconf 89' lang='lat' dir='ltr'>propter</span> <span class='ocrx_word' id='word_1_198' title='bbox 979 3494 1109 3542; x_wconf 88' lang='lat' dir='ltr'>vestram</span> <span class='ocrx_word' id='word_1_199' title='bbox 1127 3506 1312 3544; x_wconf 85' lang='lat' dir='ltr'>communem</span> <span class='ocrx_word' id='word_1_200' title='bbox 1330 3493 1411 3547; x_wconf 90' lang='lat' dir='ltr'>utili·</span> 
     </span>
     <span class='ocr_line' id='line_1_30' title="bbox 353 3571 1412 3649; baseline 0.002 -19"><span class='ocrx_word' id='word_1_201' title='bbox 353 3582 445 3631; x_wconf 87' lang='lat' dir='ltr'>tatem</span> <span class='ocrx_word' id='word_1_202' title='bbox 463 3574 653 3648; x_wconf 85' lang='lat' dir='ltr'>petitionibus</span> <span class='ocrx_word' id='word_1_203' title='bbox 673 3571 841 3643; x_wconf 88' lang='lat' dir='ltr'>hujusmodi</span> <span class='ocrx_word' id='word_1_204' title='bbox 860 3578 1019 3626; x_wconf 88' lang='lat' dir='ltr'>annuentes</span> <span class='ocrx_word' id='word_1_205' title='bbox 1032 3572 1228 3649; x_wconf 74' lang='lat' dir='ltr'>ordinationes</span> <span class='ocrx_word' id='word_1_206' title='bbox 1240 3575 1412 3646; x_wconf 88' lang='lat' dir='ltr'>hujusmodi</span> 
     </span>
     <span class='ocr_line' id='line_1_31' title="bbox 353 3656 1414 3731; baseline 0.001 -18"><span class='ocrx_word' id='word_1_207' title='bbox 353 3677 406 3731; x_wconf 91' lang='lat' dir='ltr'>per</span> <span class='ocrx_word' id='word_1_208' title='bbox 436 3676 560 3729; x_wconf 90' lang='lat' dir='ltr'>quarum</span> <span class='ocrx_word' id='word_1_209' title='bbox 591 3656 806 3713; x_wconf 86' lang='lat' dir='ltr'>observantiam</span> <span class='ocrx_word' id='word_1_210' title='bbox 835 3656 929 3709; x_wconf 89' lang='lat' dir='ltr'>multa</span> <span class='ocrx_word' id='word_1_211' title='bbox 959 3673 1024 3725; x_wconf 83' lang='lat' dir='ltr'>qum</span> <span class='ocrx_word' id='word_1_212' title='bbox 1052 3656 1130 3727; x_wconf 87' lang='lat' dir='ltr'>apud</span> <span class='ocrx_word' id='word_1_213' title='bbox 1159 3674 1212 3712; x_wconf 84' lang='lat' dir='ltr'>vos</span> <span class='ocrx_word' id='word_1_214' title='bbox 1236 3660 1414 3730; x_wconf 84' lang='lat' dir='ltr'>corrigenda</span> 
     </span>
     <span class='ocr_line' id='line_1_32' title="bbox 354 3739 1413 3812; baseline 0.001 -16"><span class='ocrx_word' id='word_1_215' title='bbox 354 3743 518 3797; x_wconf 81' lang='lat' dir='ltr'>invenimus</span> <span class='ocrx_word' id='word_1_216' title='bbox 536 3740 732 3810; x_wconf 85' lang='lat' dir='ltr'>conspicimus</span> <span class='ocrx_word' id='word_1_217' title='bbox 750 3755 836 3809; x_wconf 88' lang='lat' dir='ltr'>posse</span> <span class='ocrx_word' id='word_1_218' title='bbox 855 3739 962 3793; x_wconf 87' lang='lat' dir='ltr'>futuris</span> <span class='ocrx_word' id='word_1_219' title='bbox 983 3741 1164 3809; x_wconf 83' lang='lat' dir='ltr'>temporibus</span> <span class='ocrx_word' id='word_1_220' title='bbox 1182 3740 1270 3795; x_wconf 79' lang='lat' dir='ltr'>vitari</span> <span class='ocrx_word' id='word_1_221' title='bbox 1289 3760 1323 3796; x_wconf 90' lang='lat' dir='ltr'>ac</span> <span class='ocrx_word' id='word_1_222' title='bbox 1342 3761 1413 3812; x_wconf 90' lang='lat' dir='ltr'>pur·</span> 
     </span>
     <span class='ocr_line' id='line_1_33' title="bbox 354 3822 1413 3897; baseline 0.002 -17"><span class='ocrx_word' id='word_1_223' title='bbox 354 3828 418 3897; x_wconf 82' lang='lat' dir='ltr'>gari</span> <span class='ocrx_word' id='word_1_224' title='bbox 438 3826 569 3881; x_wconf 81' lang='lat' dir='ltr'>totaliter</span> <span class='ocrx_word' id='word_1_225' title='bbox 588 3831 618 3879; x_wconf 92' lang='lat' dir='ltr'>et</span> <span class='ocrx_word' id='word_1_226' title='bbox 636 3822 761 3886; x_wconf 77' lang='lat' dir='ltr'>excludi,</span> <span class='ocrx_word' id='word_1_227' title='bbox 781 3840 831 3876; x_wconf 87' lang='lat' dir='ltr'>eas</span> <span class='ocrx_word' id='word_1_228' title='bbox 849 3840 902 3892; x_wconf 89' lang='lat' dir='ltr'>per</span> <span class='ocrx_word' id='word_1_229' title='bbox 921 3822 1061 3892; x_wconf 87' lang='lat' dir='ltr'>quasdam</span> <span class='ocrx_word' id='word_1_230' title='bbox 1080 3823 1242 3879; x_wconf 84' lang='lat' dir='ltr'>additiones</span> <span class='ocrx_word' id='word_1_231' title='bbox 1255 3832 1285 3880; x_wconf 92' lang='lat' dir='ltr'>et</span> <span class='ocrx_word' id='word_1_232' title='bbox 1297 3826 1413 3883; x_wconf 89' lang='lat' dir='ltr'>detrac-</span> 
     </span>
     <span class='ocr_line' id='line_1_34' title="bbox 353 3905 1413 3985; baseline 0.002 -20"><span class='ocrx_word' id='word_1_233' title='bbox 353 3911 448 3966; x_wconf 87' lang='lat' dir='ltr'>tiones</span> <span class='ocrx_word' id='word_1_234' title='bbox 479 3915 594 3964; x_wconf 87' lang='lat' dir='ltr'>uostras</span> <span class='ocrx_word' id='word_1_235' title='bbox 625 3906 805 3962; x_wconf 87' lang='lat' dir='ltr'>commodius</span> <span class='ocrx_word' id='word_1_236' title='bbox 836 3905 1000 3961; x_wconf 84' lang='lat' dir='ltr'>moderatas</span> <span class='ocrx_word' id='word_1_237' title='bbox 1025 3926 1082 3962; x_wconf 91' lang='lat' dir='ltr'>non</span> <span class='ocrx_word' id='word_1_238' title='bbox 1113 3908 1208 3985; x_wconf 82' lang='lat' dir='ltr'>solum</span> <span class='ocrx_word' id='word_1_239' title='bbox 1235 3916 1269 3964; x_wconf 91' lang='lat' dir='ltr'>ut</span> <span class='ocrx_word' id='word_1_240' title='bbox 1296 3918 1413 3967; x_wconf 85' lang='lat' dir='ltr'>vestras</span> 
     </span>
     <span class='ocr_line' id='line_1_35' title="bbox 353 3990 1413 4064; baseline 0.004 -17"><span class='ocrx_word' id='word_1_241' title='bbox 353 3993 548 4048; x_wconf 87' lang='lat' dir='ltr'>ordinationes</span> <span class='ocrx_word' id='word_1_242' title='bbox 587 3991 639 4047; x_wconf 86' lang='lat' dir='ltr'>sed</span> <span class='ocrx_word' id='word_1_243' title='bbox 675 3998 815 4061; x_wconf 83' lang='lat' dir='ltr'>tanquam</span> <span class='ocrx_word' id='word_1_244' title='bbox 844 3990 1039 4060; x_wconf 88' lang='lat' dir='ltr'>injunctiones</span> <span class='ocrx_word' id='word_1_245' title='bbox 1070 3998 1184 4047; x_wconf 86' lang='lat' dir='ltr'>nostras</span> <span class='ocrx_word' id='word_1_246' title='bbox 1215 3995 1413 4064; x_wconf 82' lang='lat' dir='ltr'>prmsentibus</span> 
     </span>
     <span class='ocr_line' id='line_1_36' title="bbox 354 4074 688 4130; baseline -0.006 0"><span class='ocrx_word' id='word_1_247' title='bbox 354 4077 490 4130; x_wconf 83' lang='lat' dir='ltr'>duximus</span> <span class='ocrx_word' id='word_1_248' title='bbox 508 4074 688 4130; x_wconf 73' lang='lat' dir='ltr'>inserendas,</span> 
     </span>
    </p>

    <p class='ocr_par' dir='ltr' id='par_1_13' title="bbox 354 4159 1413 4313">
     <span class='ocr_line' id='line_1_37' title="bbox 390 4159 1412 4232; baseline 0.004 -19"><span class='ocrx_word' id='word_1_249' title='bbox 390 4162 429 4214; x_wconf 85' lang='lat' dir='ltr'>In</span> <span class='ocrx_word' id='word_1_250' title='bbox 454 4160 570 4232; x_wconf 74' lang='lat' dir='ltr'>primis,</span> <span class='ocrx_word' id='word_1_251' title='bbox 603 4159 749 4228; x_wconf 82' lang='lat' dir='ltr'>siquidem</span> <span class='ocrx_word' id='word_1_252' title='bbox 780 4162 941 4212; x_wconf 87' lang='lat' dir='ltr'>statuentes</span> <span class='ocrx_word' id='word_1_253' title='bbox 977 4159 1055 4229; x_wconf 85' lang='lat' dir='ltr'>quod</span> <span class='ocrx_word' id='word_1_254' title='bbox 1081 4160 1166 4230; x_wconf 79' lang='lat' dir='ltr'>juxta</span> <span class='ocrx_word' id='word_1_255' title='bbox 1197 4159 1412 4217; x_wconf 87' lang='lat' dir='ltr'>ordinationem</span> 
     </span>
     <span class='ocr_line' id='line_1_38' title="bbox 354 4241 1413 4313; baseline 0.001 -13"><span class='ocrx_word' id='word_1_256' title='bbox 354 4251 482 4300; x_wconf 83' lang='lat' dir='ltr'>vestram</span> <span class='ocrx_word' id='word_1_257' title='bbox 500 4242 669 4313; x_wconf 86' lang='lat' dir='ltr'>hujusmodi</span> <span class='ocrx_word' id='word_1_258' title='bbox 687 4241 762 4296; x_wconf 90' lang='lat' dir='ltr'>nulli</span> <span class='ocrx_word' id='word_1_259' title='bbox 780 4241 923 4296; x_wconf 67' lang='lat' dir='ltr'>decaetero</span> <span class='ocrx_word' id='word_1_260' title='bbox 941 4241 1132 4298; x_wconf 88' lang='lat' dir='ltr'>admittantur</span> <span class='ocrx_word' id='word_1_261' title='bbox 1151 4243 1188 4299; x_wconf 86' lang='lat' dir='ltr'>ad</span> <span class='ocrx_word' id='word_1_262' title='bbox 1206 4245 1413 4301; x_wconf 85' lang='lat' dir='ltr'>monachatum</span> 
     </span>
    </p>
   </div>
   <div class='ocr_carea' id='block_1_11' title="bbox 352 4563 1414 4697">
    <p class='ocr_par' dir='ltr' id='par_1_14' title="bbox 352 4563 1414 4697">
     <span class='ocr_line' id='line_1_39' title="bbox 388 4563 1414 4628; baseline 0.006 -18"><span class='ocrx_word' id='word_1_263' title='bbox 388 4567 393 4594; x_wconf 86' lang='lat'><strong>¹</strong></span> <span class='ocrx_word' id='word_1_264' title='bbox 414 4566 453 4613; x_wconf 83' lang='lat' dir='ltr'>(lu</span> <span class='ocrx_word' id='word_1_265' title='bbox 472 4564 514 4614; x_wconf 84' lang='lat' dir='ltr'>lbc</span> <span class='ocrx_word' id='word_1_266' title='bbox 532 4565 605 4613; x_wconf 86' lang='lat' dir='ltr'>dorse</span> <span class='ocrx_word' id='word_1_267' title='bbox 622 4565 652 4612; x_wconf 79' lang='lat' dir='ltr'>of</span> <span class='ocrx_word' id='word_1_268' title='bbox 674 4563 726 4613; x_wconf 85' lang='lat' dir='ltr'>tbis</span> <span class='ocrx_word' id='word_1_269' title='bbox 747 4564 820 4614; x_wconf 84' lang='lat' dir='ltr'>letter</span> <span class='ocrx_word' id='word_1_270' title='bbox 840 4564 863 4613; x_wconf 85' lang='lat' dir='ltr'>is</span> <span class='ocrx_word' id='word_1_271' title='bbox 892 4564 934 4614; x_wconf 85' lang='lat' dir='ltr'>the</span> <span class='ocrx_word' id='word_1_272' title='bbox 958 4564 1177 4628; x_wconf 73' lang='lat' dir='ltr'>following:-“</span> <span class='ocrx_word' id='word_1_273' title='bbox 1189 4565 1241 4614; x_wconf 88' lang='lat' dir='ltr'>Pro</span> <span class='ocrx_word' id='word_1_274' title='bbox 1262 4565 1364 4616; x_wconf 81' lang='lat' dir='ltr'>Abbute</span> <span class='ocrx_word' id='word_1_275' title='bbox 1388 4572 1414 4616; x_wconf 87' lang='lat' dir='ltr'>et</span> 
     </span>
     <span class='ocr_line' id='line_1_40' title="bbox 352 4643 717 4697; baseline -0.019 1"><span class='ocrx_word' id='word_1_276' title='bbox 352 4652 368 4674; x_wconf 78' lang='lat'>⁸·</span> <span class='ocrx_word' id='word_1_277' title='bbox 381 4646 513 4697; x_wconf 77' lang='lat' dir='ltr'>Conventa</span> <span class='ocrx_word' id='word_1_278' title='bbox 526 4643 717 4694; x_wconf 81' lang='lat' dir='ltr'>Gloueestrioe.”</span> 
     </span>
    </p>
   </div>
   <div class='ocr_carea' id='block_1_12' title="bbox 0 0 1598 5610">
    <p class='ocr_par' dir='ltr' id='par_1_15' title="bbox 0 0 1598 5610">
     <span class='ocr_line' id='line_1_41' title="bbox 0 0 1598 5610; baseline 0 0"><span class='ocrx_word' id='word_1_279' title='bbox 0 0 1598 5610; x_wconf 95' lang='lat' dir='ltr'> </span> 
     </span>
    </p>
   </div>
  </div>
 </body>
</html>
