3158 5610
373 766 439 832 240
662 775 908 825 ‹unnommuu
929 775 1140 825 uousmaan

372 970 446 1016 men,
467 951 544 1007 sicul
570 950 737 1006 Willelmus
764 969 816 1006 rcx
841 952 932 1007 babel·
956 968 1041 1006 meus
1059 950 1189 1023 primum
1214 948 1375 1011 concessit,
1401 953 1434 1003 el.

371 1036 427 1091 boo
444 1054 497 1107 per
514 1035 597 1093 Areo
615 1034 765 1100 Falconem
786 1035 838 1107 qui
864 1036 962 1107 ipsum
989 1035 1153 1091 manerium
1170 1033 1208 1089 de
1225 1050 1274 1089 me
1293 1034 1325 1088 in
1343 1028 1433 1087 feodo

372 1126 462 1176 tenet.
501 1118 570 1174 Hiia
588 1119 725 1175 testibus.

731 1290 847 1357 CLIV.
870 1290 921 1357 De
946 1290 1067 1357 eodem

209 1418 277 1470 an.
291 1424 354 1472 11³5
411 1418 605 1491 Sthephanus,
626 1435 677 1474 rex
694 1419 822 1491 Anglioe,
842 1416 987 1491 R[ogero]
1007 1419 1144 1491 episcopo
1163 1418 1282 1485 Sarum,
1302 1424 1335 1474 et
1351 1417 1434 1475 viee·

205 1492 296 1604 gfff·
375 1504 474 1559 comiti
492 1504 661 1569 wiltesira,
683 1510 713 1559 et
733 1504 868 1558 omnibus
888 1503 1047 1559 baronibus
1064 1502 1252 1575 Wyltcsymc.
1272 1502 1414 1559 salutem.

206 1568 296 1670 mm:
411 1588 519 1643 Sciatis
537 1606 585 1642 mo
604 1588 784 1643 concessisse
803 1587 953 1643 monachis
972 1587 1009 1643 de
1028 1586 1223 1651 Gloueestria,
1244 1587 1277 1642 in
1294 1586 1432 1643 manerio

205 1702 278 1752 5244.
374 1690 440 1727 meo
466 1671 503 1726 ‹lc
521 1671 748 1735 Chelcswortbe,
769 1671 908 1726 silvulam
933 1684 963 1726 ct
987 1671 1045 1726 duo
1069 1677 1182 1727 essarto
1204 1689 1273 1727 cum
1293 1670 1431 1743 pratellis

374 1755 574 1827 adjacentibus
593 1755 653 1810 illis
673 1755 705 1810 in
717 1755 907 1809 elemosinam
925 1760 956 1810 eb
973 1755 1091 1810 feodum
1109 1756 1229 1811 libcrari
1246 1760 1279 1811 et
1296 1755 1431 1827 quietam

374 1857 427 1911 pro
454 1840 552 1895 anima
576 1856 651 1903 meo,
679 1840 757 1894 sicut
783 1856 835 1893 rex
862 1838 1031 1894 Willelmus
1058 1839 1221 1895 ammeulua
1245 1857 1333 1895 meus
1361 1856 1430 1895 eon·

374 1924 473 1986 cessit,
504 1929 535 1979 el
561 1923 638 1978 sicut
667 1941 719 1978 rex
749 1923 898 1979 Henricus
932 1929 1059 1979 lenimur
1087 1942 1141 1995 per
1179 1930 1292 1980 earnm
1331 1940 1429 1979 suam.

375 2007 471 2071 Teste,
493 2007 545 2063 bc.

743 2178 836 2246 CLV.
860 2180 911 2246 De
936 2180 1056 2247 eodem.

210 2304 277 2355 Ab.
291 2310 354 2356 115⁴
412 2307 569 2370 llenrious,
589 2324 640 2361 rex
658 2304 810 2376 Angliaee
847 2305 906 2360 dux
924 2306 1112 2362 Narmonnito
1137 2313 1168 2363 el
1189 2305 1382 2378 Aquitanniae
1401 2312 1432 2361 et

205 2377 299 2425 '¹¹⁸9·
377 2408 474 2445 comes
492 2390 672 2459 Andagavim
690 2388 820 2443 Jordnao
838 2389 874 2443 de
894 2390 1045 2455 Senserde,
1060 2392 1194 2446 salutem.

206 2440 297 2556 me
413 2474 556 2546 Principio
587 2472 665 2544 quod
691 2473 772 2543 jusbo
809 2480 998 2529 manuteneas
1028 2475 1163 2529 abbatem
1200 2480 1232 2529 el
1269 2474 1430 2529 monachos

276 2542 282 2555 ⁸
377 2556 569 2612 Glouccstrine
592 2557 628 2610 de
653 2556 812 2610 elemosina
842 2573 907 2610 men
937 2566 967 2612 ct
993 2564 1210 2612 autecessorum
1233 2575 1369 2611 meorum
1393 2557 1431 2611 dc

377 2640 594 2696 Cbelesworlbe
618 2657 706 2710 quam
736 2640 885 2695 Hearicus
916 2659 968 2695 rex
998 2660 1071 2697 avua
1094 2660 1178 2697 meus
1206 2641 1250 2696 eis
1274 2641 1432 2697 confirmat

376 2732 457 2779 carta
474 2743 536 2787 sua,
555 2741 609 2779 nce
627 2724 780 2795 permittas
805 2723 884 2795 quod
902 2725 1010 2796 aliquis
1035 2726 1079 2781 eis
1103 2726 1243 2797 injuriam
1262 2725 1362 2787 faciat.
1382 2723 1432 2779 vel

376 2808 584 2863 coutumeliam
602 2813 832 2862 contracuntem
850 2807 931 2877 regis
950 2808 1073 2864 Raurici
1092 2810 1140 2863 avi
1158 2809 1218 2863 mci
1231 2814 1261 2864 el
1279 2814 1381 2874 tuam3
1401 2816 1431 2863 cl

377 2892 433 2946 nisi
453 2892 557 2945 seceris
575 2891 739 2945 vicecomes
758 2891 794 2945 do
812 2890 974 2961 Wiltesym
991 2893 1088 2948 sociat.

412 2976 499 3031 'I'csbe
518 2974 645 3045 Symonc
663 2974 724 3029 lilio
742 2973 824 3030 Petri
842 2974 921 3045 apud
939 2975 1225 3047 Northamptoniam.

734 3154 850 3222 CLVI.
879 3154 928 3221 De
952 3154 1072 3221 eodem.

416 3282 514 3338 Sciant
531 3289 691 3354 presentes
704 3287 734 3337 eb
752 3282 853 3346 fuluri,
875 3282 952 3353 quod
972 3280 1055 3353 [ego]
1070 3281 1218 3337 Jordanus
1236 3282 1273 3337 de
1287 3282 1431 3338 Sansomlo

379 3367 503 3422 concedo
527 3375 558 3422 el
575 3368 713 3421 confirmo
738 3368 769 3420 in
793 3366 982 3420 elemosinam
1001 3373 1173 3437 perpetuam
1192 3367 1256 3421 Deo
1273 3375 1304 3422 et
1323 3368 1432 3422 Sancto

378 3451 467 3506 Pelio
486 3457 516 3506 cb
533 3450 683 3505 monacbis
703 3448 894 3504 Gloeccstrite
914 3450 972 3503 duo
991 3461 1105 3505 essarto
1124 3451 1152 3504 in
1172 3450 1388 3509 Cheleworlbe.
1402 3459 1434 3505 eb

378 3535 483 3589 silvam
510 3552 575 3605 quai
602 3534 696 3588 estin
714 3532 811 3586 medio
836 3550 947 3597 comm,
973 3550 1040 3587 cum
1065 3533 1264 3605 adjacentibus
1286 3533 1431 3604 pratellis,

379 3618 470 3673 libero
498 3626 528 3674 et
553 3618 652 3689 quiete
678 3617 714 3671 ab
736 3616 815 3670 omni
839 3616 1039 3671 abactionem
1063 3616 1276 3672 consuetudine
1294 3617 1431 3682 tenendo,

379 3708 410 3757 cb
426 3702 659 3756 communionem
678 3707 806 3771 pasturus
824 3699 855 3753 iu
873 3699 962 3755 bosco
979 3707 1009 3755 eb
1028 3700 1057 3755 in
1076 3700 1170 3771 plano.

726 3893 864 3960 eavu.
888 3893 939 3959 oe
958 3893 1085 3976 eoum.

217 4023 367 4093 Olcoloby.
414 4022 550 4096 Rogerus
564 4041 662 4080 comes
675 4022 808 4087 Cestrioe,
822 4023 1048 4079 constabularius
1067 4023 1129 4079 suia
1147 4030 1178 4079 et
1195 4022 1339 4095 dapiferis
1358 4027 1432 4089 suis,

380 4113 410 4162 eb
435 4108 570 4162 omnibus
599 4106 758 4161 baronibus
786 4107 858 4169 suis,
888 4106 1009 4161 Francis
1036 4114 1066 4161 et
1092 4106 1209 4178 buglis,
1235 4115 1267 4164 eb
1296 4110 1433 4164 omnibus

378 4190 523 4245 ministris
542 4190 613 4253 suis,
633 4196 664 4244 ct
682 4189 816 4244 omnibus
834 4188 970 4244 fidelibus
984 4188 1099 4245 Sanctio
1116 4190 1266 4255 Ecclesia,
1287 4192 1424 4247 salutem.

416 4274 522 4329 Sciatis
553 4291 601 4327 me
632 4273 748 4327 dedisse
782 4273 811 4327 in
842 4273 1030 4328 elemosinam
1055 4272 1188 4329 ecelesia
1219 4274 1330 4330 Sencli¹
1349 4276 1433 4331 Petri

380 4356 571 4413 Gloucestriro
591 4366 620 4412 ct
638 4357 787 4412 monachis
800 4357 931 4427 ejusdem
946 4358 1087 4422 ccclesias,
1108 4359 1305 4429 quodraginta
1323 4360 1434 4415 solidos

413 4491 581 4498 ----—..--
598 4492 626 4497 --
664 4492 686 4497 --
707 4492 741 4497 -
760 4490 1039 4497 n—--——--——-
1062 4491 1391 4501 --..——.—.-—

414 4561 420 4589 ¹
443 4560 544 4624 Sancti]
559 4560 685 4623 llepcoted
697 4560 724 4609 in
737 4558 801 4620 MS„
813 4559 910 4623 though
923 4560 965 4611 the
982 4561 1124 4612 redundant
1135 4564 1203 4613 word
1214 4562 1261 4612 bas
1276 4563 1341 4614 been
1358 4565 1436 4616 nster·

382 4642 464 4689 words
476 4639 611 4690 cancellus
