3158 5610
524 758 551 802 s
576 755 674 801 emm
697 753 950 802 cuscianus
1199 741 1263 803 325

209 921 342 976 debitum
368 923 511 976 relevium
541 923 624 977 nobis
652 923 760 977 sacient
789 940 857 977 eum
887 922 998 991 singuli
1024 923 1080 976 sibi
1100 923 1265 978 succedent.

212 1004 326 1061 Reddet
349 1007 439 1061 etiam
464 1008 546 1061 uobis
566 1007 722 1076 praedictus
741 1006 901 1069 Galfridus‚
922 1024 975 1074 pro
992 1005 1132 1074 praedicta
1150 1007 1265 1075 virgata
1279 1004 1295 1051 s.
1308 1009 1337 1052 81
1351 1004 1374 1056 b.

211 1102 308 1151 terrae,
328 1090 478 1144 aunuatim
497 1090 604 1160 viginti
630 1088 739 1142 solidos
766 1088 803 1142 ad
822 1098 947 1157 quatuor
966 1089 1115 1150 terminos,
1136 1088 1166 1140 in
1191 1088 1265 1142 sesto

210 1172 310 1226 Sancti
328 1173 482 1227 Michaelis
501 1175 629 1244 quinque
646 1172 764 1234 solidos,
784 1172 814 1224 in
833 1173 908 1225 sesto
928 1171 1025 1225 Sancti
1038 1170 1164 1223 Andreae
1183 1171 1266 1238 quin·

211 1273 269 1324 que
287 1256 405 1321 solidos,
434 1258 465 1310 in
491 1256 724 1311 annunciatione
748 1255 847 1309 Beatae
865 1254 977 1317 Mariae,
999 1254 1127 1323 quinque
1146 1253 1263 1317 solidos,

210 1352 241 1392 et
258 1339 289 1391 in
309 1341 383 1393 festo
408 1339 508 1394 Sancti
534 1339 676 1392 Johannis
703 1338 844 1406 Baptistae
872 1337 1000 1407 quinque
1025 1336 1143 1391 solidos.
1182 1337 1264 1390 Idem

213 1439 283 1475 vero
300 1421 451 1476 Galsridus
475 1422 684 1492 juramentum,
704 1434 760 1474 etc.
798 1421 857 1474 Pro
881 1420 936 1474 bac
961 1434 1059 1473 autem
1080 1421 1264 1475 concessione

211 1504 293 1559 dedit
311 1505 393 1558 uobis
413 1505 490 1558 idem
509 1505 660 1559 Galsridus
679 1505 807 1574 quinque
826 1521 939 1557 marcas
959 1522 1031 1573 quas
1050 1505 1264 1573 assignavimus

212 1587 251 1640 ud
268 1587 423 1640 emendum
441 1587 589 1641 redditum
608 1588 659 1658 qui
677 1588 822 1657 pertineat
839 1585 877 1639 ad
895 1585 1016 1638 eandem
1034 1585 1145 1639 villam.

247 1670 283 1723 In
301 1670 389 1740 hujus
407 1671 449 1723 rei
469 1671 667 1725 testimonium
685 1687 814 1740 praesens
839 1670 981 1737 seriptum
1000 1669 1030 1720 in
1048 1669 1166 1723 modum
1184 1688 1266 1739 cyro·

212 1755 317 1824 graphi
337 1756 414 1808 inter
431 1771 483 1808 uos
502 1754 665 1809 consectum
684 1763 737 1807 est.

248 1837 316 1891 Hiis
335 1837 469 1892 testibus.

467 2062 600 2128 CCCII.
626 2063 811 2129 Consentio
832 2063 873 2128 de
895 2064 1017 2129 eodeni.

248 2215 321 2270 Haee
339 2228 384 2271 est
402 2217 554 2270 conventio
571 2217 648 2270 iacta
667 2217 743 2269 inter
760 2216 839 2269 viros
864 2215 1018 2286 religiosos
1045 2217 1194 2270 dominum
1215 2216 1264 2270 ab·
1279 2216 1368 2266 (lfthe

212 2300 308 2352 batem
327 2310 357 2353 et
373 2306 548 2354 conventum
567 2299 666 2353 Sancti
688 2300 769 2352 Petri
788 2298 978 2353 Gloucestriae
997 2318 1032 2353 ex
1049 2314 1132 2369 parte
1150 2318 1216 2363 una,
1236 2312 1266 2355 et
1276 2299 1353 2332 ΜΕ·

211 2383 372 2436 Robertum
390 2384 533 2436 vicarium
551 2382 699 2435 homiuem
717 2390 747 2436 et
764 2382 896 2435 nativum
920 2384 1078 2437 eorundem
1096 2384 1132 2437 de
1151 2384 1264 2437 Harde-

211 2466 294 2534 pyrie
312 2483 347 2519 ex
366 2465 467 2530 altera,
487 2465 624 2520 videlicet
642 2465 719 2534 quod
731 2465 863 2535 praedicti
881 2466 1023 2535 religiosi,
1044 2484 1096 2536 pro
1114 2467 1266 2521 duodecim

211 2548 296 2601 libris
321 2548 530 2619 sterlingorum
548 2549 659 2602 eisdem
678 2566 738 2618 prae
760 2548 894 2602 manibus
912 2551 1081 2612 numeratis,
1102 2550 1268 2604 retinebuut

211 2631 365 2701 prelatum
385 2632 547 2686 Robertum
571 2631 608 2685 ad
636 2631 794 2685 terminum
813 2633 882 2685 ritae
903 2650 964 2685 suae
983 2634 1013 2685 in
1031 2633 1130 2702 aliquo
1148 2635 1268 2688 seruitio

211 2714 297 2767 lilaeri
328 2715 493 2778 servientis,
525 2722 625 2784 utpote
655 2714 803 2776 messoris,
831 2715 1005 2784 grangiarii,
1024 2716 1070 2769 rel
1089 2717 1267 2784 hujusmodi,

211 2797 282 2851 dum
300 2798 411 2851 eisdem
429 2798 502 2851 bene
520 2804 551 2851 et
568 2797 694 2851 fideliter
712 2797 859 2861 servierit,
879 2798 1048 2868 recipiendo
1067 2799 1268 2854 liberationem

212 2894 242 2934 et
260 2881 405 2950 stipendia
422 2899 488 2950 quae
506 2880 718 2935 rationabiliter
743 2881 893 2950 percipere
911 2897 1124 2937 consueverunt
1142 2884 1198 2953 ipsi
1217 2885 1268 2954 qui

212 2974 279 3017 ante
309 2981 376 3016 eum
406 2964 436 3018 in
465 2964 632 3034 hujusmodi
664 2964 800 3018 steterint
829 2964 959 3019 servitio.
997 2966 1036 3020 Et
1062 2967 1088 3020 si
1119 2969 1269 3038 contingat

213 3048 292 3117 quod
320 3049 477 3118 praedictus
500 3049 657 3111 Robertus,
677 3049 747 3102 dum
773 3049 803 3101 iu
829 3049 1036 3120 praedictorum
1062 3052 1268 3123 religiosorum

213 3134 334 3186 servitio
364 3135 488 3195 steterit,
517 3133 646 3203 aliquam
664 3134 876 3199 infidelitatem,
898 3136 1039 3200 fraudem,
1066 3137 1112 3191 vel
1131 3137 1268 3191 damnum

214 3217 310 3279 iaciat,
331 3216 409 3285 quod
426 3217 512 3278 absit,
527 3216 638 3270 eisdem
656 3216 804 3287 religiosis
823 3218 859 3271 de
877 3219 960 3273 bonis
979 3229 1030 3274 aut
1048 3221 1135 3275 rebus
1154 3222 1191 3276 ad
1208 3239 1269 3274 rno-

213 3300 374 3352 uasterium
393 3316 494 3352 eorum
513 3299 735 3368 pertinentibus,
749 3308 780 3355 et
797 3302 851 3355 hoc
870 3303 963 3371 possit
982 3321 1033 3372 per
1052 3305 1124 3357 duos
1143 3305 1188 3357 vel
1209 3312 1269 3358 tres

214 3382 318 3452 probos
338 3392 367 3435 et
387 3381 497 3451 legales
524 3381 657 3435 homines
679 3383 834 3447 verificari,
854 3385 1025 3453 pensabitur
1050 3385 1187 3439 damnum
1214 3388 1269 3439 eis·

214 3468 280 3518 dem
299 3465 426 3535 qualiter
445 3483 497 3535 per
510 3466 607 3535 ipsum
620 3465 781 3520 Bobertum
793 3467 840 3520 rel
859 3484 927 3520 suos
939 3469 1049 3522 factum
1068 3469 1189 3522 arbitrio
1202 3470 1271 3521 fide·

213 3549 370 3618 dignorum
389 3566 423 3601 ex
449 3558 531 3617 parte
550 3548 757 3618 predictorum
782 3549 988 3618 religiosorum
1007 3550 1219 3620 eligendorum,
1240 3560 1271 3604 et

217 3632 365 3701 praedietis
385 3630 533 3701 religiosis
561 3632 656 3701 prima
674 3632 738 3685 vice
766 3632 928 3686 satisfaciet
955 3633 984 3685 in
1009 3632 1140 3701 duplum.
1179 3633 1218 3686 Et
1244 3634 1270 3686 si

215 3733 266 3784 per
284 3732 316 3768 se
334 3714 380 3768 vel
400 3732 468 3769 suos
487 3715 592 3769 iterato
610 3715 641 3768 in
659 3715 759 3784 aliquo
776 3715 945 3784 hujusmodi
973 3715 1140 3785 deliquerit,
1160 3716 1270 3769 eisdem

214 3799 361 3869 religiosis
387 3815 475 3868 super
500 3798 556 3853 boc
582 3798 660 3868 quod
678 3805 779 3852 contra
796 3816 879 3852 suam
897 3798 1068 3852 fidelitatem
1086 3806 1117 3852 et
1133 3798 1270 3852 dammm

214 3882 325 3934 eisdem
343 3881 534 3935 commissum
551 3881 582 3934 in
601 3880 801 3951 quadruplum
819 3881 989 3944 satisfaciet,
1009 3887 1040 3935 et
1056 3882 1271 3936 restitutionem

214 3966 324 4035 absque
342 3965 450 4035 placito
467 3965 515 4019 vel
533 3965 762 4020 contradictione
789 3966 919 4036 praefatis
944 3965 1092 4035 religiosis
1110 3966 1173 4020 sine
1191 3985 1272 4022 mora

214 4049 303 4103 faciet
320 4048 522 4103 sufficientem.
560 4049 643 4102 Etsi
661 4049 749 4102 tertio
767 4048 798 4101 in
816 4048 915 4117 aliquo
927 4048 1096 4118 hujusmodi
1107 4057 1271 4121 transgres-

215 4151 281 4187 sum
303 4134 393 4187 suerit
416 4133 565 4202 predictis
595 4132 743 4202 religiosis
766 4150 817 4201 per
840 4133 1013 4201 praedictum
1039 4133 1200 4189 Robertum
1224 4134 1272 4188 tel

214 4235 293 4280 suos,
307 4230 412 4271 extunc
424 4217 461 4271 de
480 4217 600 4271 servitio
618 4216 775 4271 eorundem
788 4215 995 4285 religiosorum
1013 4227 1182 4271 amoveatur
1199 4226 1272 4273 tota·

215 4300 283 4355 liter
294 4301 405 4371 absque
418 4301 517 4371 aliqua
528 4301 713 4355 restitutione
731 4300 862 4370 pecuniae
880 4301 962 4370 prius
974 4300 1011 4353 ab
1023 4317 1059 4354 eo
1070 4310 1196 4372 recepta
1214 4303 1271 4356 sibi

216 4384 245 4437 in
263 4394 325 4438 toto
344 4384 389 4437 rel
421 4385 451 4436 in
478 4394 561 4453 parte
580 4383 722 4448 facienda,
742 4391 773 4438 et
791 4383 862 4438 dicti
890 4383 1023 4454 religiosi
1048 4384 1079 4437 in
1105 4385 1186 4439 nullo
1213 4386 1271 4439 sibi
1351 4444 1361 4463 ι

214 4475 378 4530 teneantur,
399 4468 452 4522 sed
469 4468 507 4521 ab
524 4469 603 4521 omni
621 4468 744 4532 actione,
764 4468 789 4521 si
810 4484 897 4537 quam
915 4484 987 4537 erga
1004 4467 1097 4523 dictos
1116 4470 1270 4537 religiosos

215 4551 323 4604 habere
336 4552 438 4620 possit,
452 4551 624 4607 excludatur
641 4553 671 4605 in
690 4562 873 4622 perpetuum.
914 4552 997 4606 Etsi
1021 4553 1180 4623 contingat,
1200 4553 1270 4606 dum

215 4634 373 4705 pradictus
392 4635 539 4690 Robertus
564 4636 730 4707 saepedictis
755 4635 904 4705 religiosis
928 4635 1000 4690 bene
1019 4644 1050 4692 et
1067 4636 1193 4690 fideliter
1210 4631 1353 4688 ser-28²·

215 4719 314 4781 vierit,
340 4718 419 4788 quod
443 4718 482 4774 ad
504 4728 617 4775 mutam
645 4719 778 4789 corporis
803 4718 984 4775 debilitatem
1008 4736 1062 4775 seu
1091 4722 1271 4774 senectutem
