3158 5610
350 800 414 863 328
639 815 888 865 caurumuwu
911 816 1121 866 uorasrsnn

351 987 466 1051 derunt,
486 987 517 1042 in
537 996 709 1059 perpetuum
736 988 892 1052 habendas,
913 994 943 1042 et
970 988 1001 1042 iu
1026 989 1160 1059 proprios
1188 1008 1261 1045 usus
1287 1008 1413 1045 conver·

352 1071 463 1126 tendas.
515 1071 718 1127 Concessimus
755 1071 843 1126 etiam
879 1071 932 1135 eis,
971 1076 1001 1126 et
1037 1072 1210 1127 auctoritate
1246 1073 1413 1143 episcopali

353 1155 567 1218 confirmamus,
599 1155 705 1226 viginti
743 1154 851 1210 solidos
886 1154 1003 1209 nomine
1033 1155 1181 1225 pensionis
1212 1156 1250 1211 de
1280 1156 1414 1211 ccclesia

354 1237 454 1292 Sancti
473 1237 615 1293 lobannis
634 1238 665 1292 in
683 1236 887 1303 Gloucestria,¹
907 1244 937 1294 at
962 1237 1063 1293 decem
1088 1237 1196 1295 solidos
1220 1238 1258 1294 de
1282 1239 1414 1294 ccclesia

353 1321 389 1375 (le
408 1320 615 1387 Mattrasdone,
636 1339 708 1391 quos
735 1321 875 1376 hactenus
901 1321 1104 1391 possederunt,
1124 1339 1177 1392 per
1199 1340 1307 1377 manus
1331 1324 1412 1378 vica·

353 1404 465 1458 riorum
495 1404 526 1458 in
560 1404 671 1459 eisdem
701 1403 832 1459 ecclesiis
863 1403 920 1459 sibi
956 1403 1083 1460 invicem
1119 1404 1344 1461 succedentium
1381 1407 1412 1460 in

354 1493 527 1558 perpetuum
546 1487 756 1558 porcipiendos.
795 1487 873 1557 Quas
894 1488 1094 1543 concessiones
1113 1494 1143 1543 ct
1161 1488 1410 1552 confirmationes.

355 1577 389 1623 ut
406 1570 514 1625 futuris
539 1571 718 1641 temporibus
742 1577 814 1626 ratae
840 1577 977 1627 maneant
1003 1577 1034 1626 et
1059 1570 1251 1638 inconcussae,
1270 1574 1413 1643 praesenti

356 1653 465 1722 scripto
483 1659 514 1709 et
531 1653 624 1724 sigilli
642 1655 734 1710 nostri
753 1654 914 1724 patrocinio
932 1655 1180 1725 perpetuavimus,
1200 1661 1257 1712 etc.

700 1922 846 1990 OOOVI.
868 1922 917 1988 Dc
939 1922 1058 1989 codena.

392 2085 535 2141 Omnibus
571 2084 683 2141 Christi
718 2084 854 2141 fidelibus
889 2090 1048 2157 praesentes
1077 2084 1192 2140 litteras
1221 2083 1335 2141 visuris
1365 2084 1413 2140 vel

261 2202 266 2214 ·
357 2168 513 2235 audituris,
550 2168 597 2225 W.
633 2168 821 2223 miseratione
858 2168 958 2224 divina
987 2167 1211 2241 Wygorniensis
1242 2167 1410 2239 episcopus,

358 2253 481 2308 salutem
501 2257 640 2306 oeternam
658 2251 689 2305 in
707 2251 841 2306 Domino.

392 2335 518 2390 Noverit
544 2334 720 2390 universitas
745 2339 844 2389 vestre
871 2335 948 2404 quod
977 2351 1039 2400 nos,
1066 2333 1103 2389 de
1133 2351 1278 2391 consensu
1313 2334 1412 2389 domni

359 2419 500 2474 Johannis
531 2418 644 2473 abbatis
674 2423 705 2472 et
734 2421 892 2473 conventus
923 2416 1024 2474 Sancti
1049 2417 1132 2473 Petri
1158 2416 1354 2473 Gloucestriae
1384 2423 1415 2472 et

359 2502 461 2558 Jacobi
488 2501 524 2557 de
549 2500 648 2555 Monte
668 2499 750 2555 Cello
776 2507 846 2555 tunc
873 2500 995 2555 rectoris
1021 2500 1152 2555 ecclesia
1179 2500 1215 2555 de
1244 2501 1412 2572 Haythrop,

359 2585 499 2639 vicariam
534 2583 565 2637 in
595 2582 696 2638 eadem
725 2582 850 2638 ecclesia
879 2583 1088 2649 ordinavimus,
1123 2590 1153 2640 et
1182 2583 1325 2638 domnum
1356 2584 1413 2638 Rs·

359 2669 502 2738 dulphum
524 2667 560 2721 da
579 2665 758 2722 Leoohelade
776 2666 968 2737 capellanum,
982 2685 1001 2721 a
1017 2666 1104 2722 dietis
1122 2666 1236 2731 abbate,
1256 2674 1413 2731 conventu,

360 2757 390 2806 ct
409 2758 522 2806 rectore
539 2755 756 2822 presentatum,
776 2749 814 2804 ad
831 2748 952 2805 eandem
970 2749 1150 2805 admisimus.
1188 2749 1298 2805 Forma
1315 2758 1415 2805 autem

360 2834 550 2890 ordinationis
575 2838 682 2889 nostra
709 2833 772 2889 haro
799 2839 854 2897 est,
875 2833 953 2903 quod
977 2833 1073 2889 dictus
1090 2832 1219 2888 vicarius
1243 2839 1275 2888 et
1297 2851 1414 2889 succes·

361 2937 442 2974 sores
461 2919 507 2973 sui
534 2916 697 2989 percipient
723 2921 753 2971 et
779 2916 928 2972 habebunt
953 2934 1054 2972 omnes
1080 2916 1208 2972 decimas
1234 2917 1317 2983 foeni,
1350 2918 1414 2981 lini,

258 3042 265 3055 .
361 3003 445 3066 lanai,
464 3001 616 3056 hortorum
634 3018 687 3056 seu
705 3000 949 3071 cartillagiorum,
970 3007 1000 3055 et
1026 3017 1125 3055 omnes
1152 2999 1226 3055 alias
1245 3000 1285 3056 ad
1305 3001 1416 3057 dictam

361 3084 515 3140 ecclesiam
544 3083 732 3154 pertinentes,
761 3083 890 3154 exceptis
917 3082 1078 3153 majoribus
1104 3082 1224 3138 decimis
1254 3085 1416 3154 garbarum

361 3175 476 3223 tantum
502 3185 567 3238 quae
592 3166 629 3222 ad
654 3167 820 3237 altilegium
845 3184 904 3222 non
929 3167 1084 3237 pertinent,
1100 3184 1184 3237 ‚quas
1215 3176 1314 3223 rector
1342 3187 1416 3239 pras·

362 3253 458 3306 dictus
489 3257 519 3305 et
548 3249 613 3321 ejus
643 3267 826 3305 successores
856 3250 1012 3304 habebunt.
1058 3250 1187 3304 Habebit
1216 3250 1306 3305 etiam
1338 3252 1416 3306 idem

362 3335 489 3390 vicarius
508 3333 566 3388 tria
583 3333 735 3403 mesangia
756 3333 842 3404 juxta
868 3333 980 3388 curiam
998 3333 1121 3387 rectoris
1140 3333 1177 3387 ad
1194 3333 1305 3388 dictam
1323 3336 1416 3389 cccle-

362 3419 436 3473 siom
455 3416 640 3486 pertinentia,
660 3434 727 3470 cum
746 3416 872 3487 quadam
899 3423 979 3470 terra
1006 3415 1116 3469 eisdem
1134 3432 1255 3479 annom,
1276 3422 1307 3470 et
1324 3424 1416 3471 totam

361 3509 471 3557 terram
485 3499 625 3554 arabilem
638 3516 704 3553 cum
717 3501 833 3568 pascuis
847 3499 883 3553 ad
902 3498 1011 3554 dictam
1029 3498 1183 3553 ecclesiam
1201 3499 1416 3570 pertinentem

362 3585 444 3639 salva
461 3583 568 3638 rectori
587 3590 617 3636 et
644 3582 861 3637 successoribus
889 3583 950 3637 suis
978 3582 1061 3637 curia
1079 3600 1132 3637 sua
1149 3601 1216 3637 cum
1234 3583 1370 3639 aedificiis
1390 3596 1420 3641 ct

363 3667 488 3737 quadam
507 3671 586 3720 terro
611 3664 706 3718 cidem
732 3665 822 3718 curius
850 3664 996 3735 adjuncta.
1039 3665 1203 3720 Sustinebit
1219 3673 1319 3721 autem
1340 3668 1418 3723 idem

362 3750 490 3804 vicarius
510 3755 540 3802 et
566 3764 749 3803 successores
776 3747 821 3800 sui
849 3749 946 3802 omnia
973 3765 1061 3802 onera
1085 3748 1233 3803 ordinaria
1260 3750 1363 3805 debita
1390 3759 1420 3807 ot

363 3838 501 3886 consueta
524 3831 561 3884 ad
586 3830 694 3884 dictam
721 3829 875 3884 ecclesiam
903 3832 1073 3901 spectantia,
1105 3849 1162 3885 una
1187 3849 1256 3885 cum
1283 3833 1419 3905 lampade

364 3933 452 3983 quam
470 3920 597 3968 rectores
622 3914 659 3967 ad
684 3912 837 3967 servitiam
856 3913 988 3983 ejusdem
1006 3914 1137 3970 ecolesiae
1156 3932 1191 3969 ex
1209 3914 1319 3980 debito,
1342 3919 1421 3976 sicut

365 3996 482 4058 dicitur,
503 3996 633 4050 inveniro
652 4002 871 4051 consueverunt.

400 4079 436 4132 In
454 4079 538 4147 cujus
557 4080 610 4143 roi,
631 4085 685 4134 otc.

401 4400 407 4429 ¹
426 4399 458 4448 In
478 4401 520 4450 the
536 4405 637 4467 margin
648 4405 708 4454 herc
724 4405 747 4454 is
763 4404 806 4454 the
818 4406 863 4455 fol·
914 4410 929 4435 ‘¹
947 4407 1036 4457 cestria
1048 4407 1139 4473 viginti
1146 4407 1228 4467 solidi,
1235 4417 1262 4459 ct
1273 4409 1301 4458 in
1313 4415 1423 4467 ecclesia

368 4475 461 4539 leving
477 4487 536 4527 note
554 4480 580 4528 iu
598 4497 614 4530 a
631 4483 694 4532 later
705 4483 783 4534 hand:
799 4484 864 4534 “De
914 4490 929 4516 ‘¹
947 4486 978 4535 de
989 4485 1246 4536 Mattesdonedceem
1257 4489 1360 4539 solidi.’'

366 4556 382 4580 “
399 4554 503 4603 ecclesia
515 4556 601 4605 Sancti
612 4559 631 4607 J
632 4560 737 4610 ohannis
748 4561 773 4610 in
786 4562 865 4612 Glou·
