3158 5610
399 752 465 817 298
688 765 950 815 cantamina
973 764 1186 815 nonasrmn

397 942 577 997 escambium
597 943 627 996 in
644 942 770 996 diversis
799 941 872 996 locis
893 942 1002 1012 jacent„
1041 940 1160 1012 Septem
1185 941 1301 996 scilicet
1323 957 1404 995 κη»
1418 939 1465 1009 jn·

392 1036 460 1083 cent
499 1028 529 1081 in
554 1027 727 1082 Bradecroft
748 1026 834 1097 juxta
856 1025 1036 1097 Holtleyam,
1064 1034 1096 1081 et
1121 1033 1247 1097 quatuor
1271 1043 1349 1080 aem
1376 1024 1466 1094 juxta

406 1129 528 1182 gracum
546 1110 679 1181 ejusdem
703 1109 824 1164 Roberti
849 1110 881 1165 in
906 1111 1051 1181 superiori
1074 1118 1168 1182 panc,
1195 1116 1228 1166 et
1249 1127 1302 1165 su
1327 1127 1407 1164 acm
1432 1108 1465 1162 in

404 1195 642 1265 Middelsorloug,
673 1204 704 1248 et
733 1208 845 1264 septem
874 1211 950 1249 ecre
980 1202 1011 1249 et
1039 1193 1163 1249 dimidia
1190 1211 1226 1248 ex
1255 1193 1350 1248 sltem
1376 1204 1464 1263 purte

404 1280 512 1334 montis
541 1278 620 1350 apud
651 1277 864 1333 Sotteshosere.
921 1277 1102 1333 Memoratus
1130 1295 1202 1332 vero
1231 1277 1382 1332 Robertua
1412 1277 1463 1330 vel

404 1363 535 1419 haeredes
554 1363 601 1418 sui
619 1362 812 1433 aquietabunt
837 1375 945 1416 terram
972 1362 1053 1417 illam
1077 1380 1165 1432 quam
1183 1361 1221 1416 ab
1237 1379 1274 1416 co
1290 1362 1462 1433 recepimus

402 1448 439 1502 ab
466 1447 601 1502 omuibus
627 1447 759 1502 servitiis
785 1454 816 1501 ct
841 1446 1101 1501 consuetudinibus
1127 1464 1194 1517 quae
1218 1454 1289 1501 suut
1313 1446 1362 1501 vel
1389 1448 1460 1518 poni

395 1542 540 1602 poterunt.
577 1531 617 1586 Et
633 1549 687 1586 nos
713 1531 851 1586 similiter
875 1530 1091 1600 aquiembimua
1116 1542 1228 1584 terram
1255 1530 1339 1584 illam
1363 1549 1457 1601 quem

392 1616 419 1669 ei
440 1614 614 1669 tradidimus
626 1614 664 1668 ab
676 1614 810 1669 omnibus
823 1614 1013 1668 saecularibus
1031 1614 1170 1668 servitiis.
1210 1612 1242 1668 si
1261 1631 1334 1667 uero
1350 1613 1457 1683 ulique

393 1718 463 1755 casu
493 1700 651 1770 contigerit
677 1698 756 1769 quod
785 1712 964 1753 memoratus
994 1697 1139 1752 Robertua
1165 1697 1214 1751 vel
1243 1696 1378 1752 haeredes
1405 1700 1453 1752 sui

394 1792 583 1839 memoratam
600 1789 711 1838 terram
728 1782 811 1837 nobis
828 1782 1018 1837 warantime
1036 1799 1093 1836 uon
1109 1783 1233 1852 possint,
1253 1792 1335 1837 terra
1351 1790 1454 1836 nocua

394 1885 481 1938 quem
507 1867 681 1938 sepedictus
708 1866 853 1921 Bobertus
879 1884 898 1920 a
923 1866 1008 1920 nobis
1034 1874 1186 1936 receperat
1210 1865 1241 1919 in
1268 1865 1457 1920 escambium

394 1953 456 2006 sinc
482 1952 689 2023 impedimento
714 1964 744 2006 et
769 1952 847 2004 omni
873 1949 1079 2005 reclamatione
1103 1949 1197 2020 ipsius
1223 1948 1273 2002 vel
1297 1948 1455 2003 haeredum

394 2054 513 2090 suorum
531 2035 569 2090 ad
586 2054 638 2089 nos
655 2035 748 2089 libere
772 2044 945 2098 retentetur,
960 2046 990 2088 et
1007 2034 1033 2088 ei
1051 2050 1104 2087 nos
1122 2032 1321 2102 supradictam
1340 2044 1453 2087 terram

394 2121 421 2174 ei
447 2120 494 2174 vel
521 2119 685 2175 haeredibus
713 2120 776 2174 suis
804 2120 995 2174 wmtizare
1024 2135 1081 2171 non
1108 2117 1265 2187 possimus,
1284 2128 1368 2172 terra
1396 2136 1451 2172 sua

394 2204 483 2258 simili
502 2204 587 2258 modo
605 2203 642 2257 ad
661 2203 746 2257 illum
763 2203 811 2256 vel
829 2202 867 2257 ad
885 2202 1016 2256 haeredes
1034 2219 1103 2256 auos
1122 2208 1295 2255 revertetur.

428 2287 471 2342 Ut
495 2300 593 2341 autem
617 2287 673 2341 hoe
697 2286 877 2342 escambium
907 2293 1004 2340 ratum
1034 2291 1065 2339 et
1094 2284 1297 2339 inconvulsum
1327 2285 1359 2338 in
1385 2303 1452 2355 pos-

395 2382 490 2426 terum
509 2377 685 2441 permoneat,
705 2378 736 2425 et
753 2370 816 2426 sine
841 2369 910 2424 dolo
928 2378 959 2424 et
976 2368 1053 2423 mulo
1072 2369 1190 2438 iugenio
1214 2369 1246 2422 in
1273 2378 1451 2440 perpetuum

394 2464 535 2519 teneatur,
556 2455 692 2526 praesenti
716 2454 826 2527 scripto
851 2453 946 2508 diviso
970 2453 1048 2508 inter
1072 2470 1125 2507 nos
1151 2453 1337 2524 cyrographo
1365 2459 1395 2507 et
1413 2452 1451 2507 si·

394 2539 485 2611 gillis'
503 2538 610 2595 nostris
640 2539 779 2608 utrinque
807 2536 948 2610 appositis
975 2537 1005 2590 in
1029 2536 1116 2608 pleno
1139 2536 1281 2592 comitatu
1299 2538 1452 2592 confirma·

394 2629 528 2679 tumeat.

718 2823 861 2889 CCLVI.
885 2824 934 2888 Dc
956 2822 1116 2908 Fystiaete

227 2965 378 3018 (thiahide.
433 2967 532 3022 Sciant
549 2974 706 3038 praesentes
725 2972 755 3020 et
773 2964 874 3028 futuri,
894 2964 973 3035 quod
991 2981 1046 3036 ego
1064 2962 1206 3035 Olimpins
1224 2964 1287 3019 filia
1305 2964 1450 3020 Johannis

395 3052 431 3105 de
451 3050 617 3121 Syre-bunio
636 3049 703 3103 dedi
722 3064 752 3104 et
769 3050 898 3104 concessi
918 3062 947 3103 et
964 3049 1018 3103 huo
1036 3047 1172 3119 prasenti
1194 3062 1276 3102 cartis
1298 3067 1366 3102 mea
1382 3068 1449 3103 eon·

396 3136 508 3188 linnavi
526 3133 642 3187 Feliciae
662 3133 729 3186 filia>
748 3132 864 3187 Osbeiti
883 3132 919 3186 de
937 3133 1038 3194 Balce,
1058 3150 1110 3203 pro
1132 3132 1253 3185 servitio
1273 3152 1337 3194 suo,
1359 3144 1448 3186 totam

396 3232 504 3272 terrain
518 3236 611 3271 meatu
625 3219 656 3271 in
668 3215 790 3269 Fishida
807 3228 837 3269 et
856 3216 885 3269 in
904 3215 1015 3269 Lecchc
1034 3234 1101 3268 cum
1113 3215 1249 3269 omnibus
1262 3216 1448 3286 pertiuentiis

392 3316 421 3356 et
435 3303 619 3356 libertatibus
639 3316 667 3354 et
686 3300 787 3353 liberis
806 3298 1063 3353 consuetudinibus
1082 3299 1118 3353 ad
1136 3299 1255 3353 easdem
1275 3314 1370 3354 terras
1384 3319 1448 3371 pcr-

392 3387 561 3449 tinentibus,
590 3386 734 3447 videlicet,
760 3401 848 3437 unam
878 3383 1020 3451 virgatam
1052 3396 1137 3435 terrae
1167 3384 1197 3436 in
1229 3384 1381 3438 territorio
1410 3384 1447 3437 dc

392 3471 528 3540 Fisnydtt
544 3482 573 3524 et
588 3484 652 3523 octo
671 3486 755 3522 acras
773 3475 859 3522 terrm
879 3468 907 3518 in
927 3466 1073 3519 territorio
1091 3466 1127 3519 de
1147 3467 1251 3530 Lechc‚
1274 3487 1348 3536 quas
1368 3469 1446 3521 scili-

392 3568 437 3607 cet
456 3568 548 3607 terras
568 3568 650 3624 pater
673 3570 755 3604 niens
780 3549 924 3621 quondam
952 3549 1098 3603 Johuunes
1117 3549 1152 3602 de
1173 3551 1342 3620 Syrcbume
1362 3552 1392 3604 iu
1412 3553 1445 3604 li·

390 3637 491 3690 berum
510 3637 697 3703 inaritapinm
716 3634 788 3687 mihi
807 3633 896 3695 dedit,
917 3644 948 3686 et
965 3644 1044 3686 coita
1062 3652 1116 3685 sua
1134 3636 1326 3689 confirmavit.
1361 3636 1445 3688 Hono

389 3719 481 3787 igitur
500 3720 738 3790 praenominatam
757 3730 864 3771 terram
879 3717 945 3769 volo
964 3726 996 3770 ut
1014 3717 1135 3786 prael'uta
1147 3716 1258 3771 Felicia
1269 3732 1300 3772 et
1312 3718 1445 3771 haeredes

390 3802 436 3854 sni
455 3802 588 3866 habeant,
612 3819 699 3871 quam
719 3801 761 3854 eis
786 3799 852 3853 dedi
877 3800 907 3852 iu
926 3799 999 3868 ligia
1016 3799 1158 3854 viduitate
1182 3819 1256 3864 mea,
1278 3819 1308 3855 et
1327 3816 1445 3857 teneant

225 3877 314 3927 f³3⁰⁶·
390 3883 425 3936 de
453 3904 499 3938 me
528 3894 558 3940 et
583 3885 748 3939 haeredibus
774 3883 856 3944 meio,
876 3883 958 3946 bene,
979 3892 1009 3936 ct
1036 3883 1064 3935 in
1089 3901 1169 3952 pace,
1189 3884 1331 3955 plenarie,
1352 3898 1384 3938 et
1401 3886 1443 3940 in-

390 3976 481 4036 tegre,
503 3969 593 4022 libere
611 3982 641 4022 et
659 3968 756 4037 quiete
775 3966 811 4019 ab
835 3966 913 4019 omni
938 3964 1067 4029 servitio,
1094 3968 1217 4032 actione,
1237 3976 1268 4022 et
1295 3971 1444 4024 exactione

390 4050 427 4102 ud
453 4069 499 4104 uio
519 4052 565 4106 vel
592 4052 629 4105 ad
655 4049 785 4105 haeredes
813 4067 893 4103 meos
922 4049 1094 4119 pertinente,
1125 4050 1206 4106 salvo
1232 4052 1342 4107 domini
1363 4056 1444 4123 regis

389 4134 516 4188 scrintio.

425 4215 583 4272 Reddendo
610 4218 676 4270 inde
702 4217 849 4270 annuatim
875 4217 946 4269 mihi
973 4222 1003 4271 ct
1030 4219 1195 4272 haeredibus
1222 4223 1297 4275 meis
1325 4223 1391 4291 ipsa
1414 4234 1443 4277 ct

389 4300 518 4356 hairedeti
540 4304 586 4356 sui
606 4321 658 4373 pro
682 4302 816 4356 omnibus
836 4301 923 4354 rebus
945 4310 975 4356 et
995 4303 1123 4357 servitiis
1144 4302 1246 4356 decem
1266 4305 1376 4359 solidos
1399 4326 1443 4359 ar·

389 4385 469 4451 genti
502 4387 538 4438 ad
572 4386 644 4440 dnos
671 4384 755 4439 anni¹
787 4387 936 4448 terminos
971 4386 1083 4442 scilicet
1115 4387 1153 4441 ad
1176 4389 1442 4444 Annuncintionem

793 4693 798 4720 ¹
817 4692 890 4756 aunt]
910 4693 960 4745 aui.
972 4692 1028 4742 MS.
