3158 5610
443 776 619 825 sarman(
643 777 687 824 ro
711 776 979 825 smonctrms.
1188 761 1241 825 xci

180 949 393 1018 procuraverit,
413 948 526 1018 lingens
545 965 577 1002 se
595 964 661 1003 esse
677 947 786 1001 debitis
805 954 958 1001 oneratum
976 964 1044 1001 cum
1062 963 1120 1000 non
1139 946 1238 1008 suerit,

183 1034 208 1086 si
226 1051 317 1103 super
333 1034 389 1087 boc
407 1034 559 1088 convictus
578 1032 718 1093 extiterit,
739 1031 871 1102 graviter
883 1031 1032 1101 puniatur,
1053 1044 1082 1084 et
1100 1030 1137 1084 ab
1150 1029 1241 1083 admi-

181 1117 356 1171 nistratione
381 1115 519 1186 deinceps
548 1115 756 1186 smpendatur.
806 1115 870 1169 Nec
894 1115 1025 1168 venditio
1050 1113 1240 1173 decimarum,

182 1200 326 1264 imarum,
340 1200 389 1254 rel
407 1200 605 1255 consimilium
623 1199 766 1253 bonorum
784 1198 1004 1253 obedientiariis
1023 1197 1175 1251 forinsecis
1194 1196 1241 1250 vel

183 1284 351 1338 intrinsecis
369 1283 459 1339 enam
483 1300 519 1337 ex
536 1283 665 1337 evidenti
684 1300 773 1337 causa
797 1283 854 1337 nisi
879 1299 933 1352 pro
957 1299 1015 1335 uno
1034 1299 1108 1334 anno
1127 1290 1240 1334 tantum

182 1366 369 1422 concedam.
406 1367 447 1421 Et
471 1367 521 1421 fiat
539 1366 709 1436 hujusmodi
727 1365 858 1420 venditio
877 1383 933 1419 non
952 1383 1005 1435 per
1023 1364 1156 1434 tigillum
1174 1381 1261 1434 pro·-

181 1451 282 1521 pnium
298 1451 453 1506 tendentia
471 1450 524 1506 sed
536 1450 637 1521 sigillo
655 1451 803 1505 communi
817 1449 855 1503 ad
866 1467 970 1504 causas
984 1467 1051 1504 cum
1063 1448 1242 1504 conscicntia

182 1534 298 1590 abbatis
314 1542 347 1591 et
357 1536 479 1591 oonsilio
490 1535 650 1591 seniorum.
678 1533 784 1589 Omnia
797 1534 885 1589 etiam
898 1534 1028 1603 proficua
1039 1533 1241 1603 cujuscunque

182 1636 272 1681 cursa.
291 1632 353 1675 tam
370 1621 403 1674 in
422 1619 547 1691 pecnnia
564 1630 718 1673 numerata
737 1636 826 1689 quam
845 1618 928 1687 equis
950 1617 1054 1671 aliisve
1074 1616 1239 1687 pecoribus,

182 1703 273 1766 rasis,
292 1710 324 1759 et
341 1704 410 1758 aliis
435 1703 660 1774 quibuscunque
679 1702 768 1756 rebus
794 1701 832 1755 ad
856 1702 951 1771 ipsam
972 1717 1072 1755 curam
1101 1718 1152 1755 acu
1173 1698 1241 1752 obe·

182 1785 324 1841 dieutiam
341 1788 567 1858 pertinentibus,
580 1785 764 1849 cedentibus,
778 1785 826 1839 tel
845 1784 1054 1839 decedentibus
1068 1784 1129 1837 sins
1149 1782 1241 1838 admi·

181 1871 390 1926 niseswribxn
414 1872 476 1926 sine
507 1888 681 1942 quacunque
704 1869 899 1924 diminutione
929 1867 1040 1922 eisdem
1072 1880 1241 1920 remaneant

182 1954 367 2021 obedientiis,
386 1974 440 2011 uec
457 1957 565 2026 aliquis
583 1955 678 2010 officio
689 1954 811 2008 dimism
823 1960 983 2024 prasumat
994 1951 1162 2021 hujusmodi
1176 1968 1241 2020 pro·

184 2038 260 2093 ficus
276 2039 397 2095 deloco
417 2040 454 2094 ad
472 2040 563 2094 alium
582 2040 679 2093 locum
698 2056 798 2093 secum
816 2040 985 2093 emissem.
1024 2035 1133 2090 Nullus
1153 2035 1241 2089 etiarn

185 2124 344 2178 monachus
361 2142 414 2178 sen
433 2124 567 2178 minister
585 2123 755 2178 monasterii
773 2139 859 2177 canes
877 2122 983 2176 habeat
1007 2120 1169 2190 superfluas
1188 2136 1241 2171 nec

184 2208 297 2262 catulos
323 2210 420 2263 foreat
444 2226 582 2263 onerosos
612 2207 689 2262 inira
718 2206 929 2261 monasterium
956 2205 1004 2260 vel
1031 2216 1114 2258 extra
1132 2203 1162 2256 in
1181 2219 1241 2256 ma·

183 2291 286 2345 ncriia.
321 2291 386 2346 Nec
406 2292 513 2361 aliquis
542 2299 704 2362 praesumat
727 2291 859 2345 maneria
876 2307 998 2344 onerare
1017 2288 1241 2357 quibuscunque

183 2374 361 2429 animalibus
379 2376 442 2430 sine
459 2376 638 2430 conscientia
655 2374 779 2437 abbatis,
792 2374 910 2444 prioris,
924 2374 972 2427 vel
984 2372 1128 2427 celerarii
1167 2370 1241 2424 Obe-

185 2456 337 2512 dicntiarii
362 2459 453 2513 etiam
480 2460 511 2513 iu
539 2458 652 2513 familia
675 2458 800 2512 interius
830 2458 909 2511 infra
938 2455 1148 2510 monasterium
1179 2455 1241 2508 sive

184 2543 316 2596 exterius
334 2542 366 2596 in
389 2543 461 2597 locis
479 2542 517 2597 ad
541 2560 595 2596 sua
618 2543 711 2597 officia
729 2541 943 2612 pertinentibus
962 2559 1020 2594 non
1039 2540 1099 2594 aiut
1116 2539 1240 2592 onerosi.

185 2624 282 2679 Canes
299 2626 391 2680 etiam
414 2625 551 2696 fugantes
579 2625 626 2679 rel
652 2625 811 2696 leporarios
837 2642 893 2678 non
914 2623 1049 2681 habeant.
1076 2639 1167 2692 equos
1185 2639 1242 2674 non

183 2720 305 2764 teneant
324 2709 381 2764 nisi
393 2710 574 2765 necessarios
586 2716 617 2763 et
636 2709 666 2763 in
684 2726 806 2763 numero
825 2708 991 2772 moderato;
1012 2708 1039 2762 si
1058 2707 1125 2776 quis
1143 2718 1242 2761 autern

183 2792 344 2848 officiarius
356 2795 526 2849 monasterii
545 2794 576 2847 in
592 2793 740 2865 predictis
752 2793 920 2855 excesserit,
935 2791 1120 2862 corripiatur.
1159 2790 1198 2844 Et
1216 2790 1241 2843 si

185 2877 316 2932 mundo
333 2877 371 2933 de
393 2879 452 2933 hiis
469 2878 665 2949 reprehensus
690 2894 722 2931 se
744 2895 801 2931 non
820 2876 1029 2938 emendaverit,
1050 2874 1086 2929 ab
1105 2873 1243 2928 adminis-

183 2962 312 3019 tratione
324 2961 529 3032 suspendatur.
567 2960 651 3029 Quod
667 2960 693 3015 si
711 2977 765 3014 nec
784 2978 837 3030 per
855 2959 974 3014 modum
992 2958 1076 3013 illum
1097 2976 1128 3012 se
1147 2975 1243 3011 emen·

184 3044 257 3099 dare
275 3044 413 3108 voluerit,
432 3045 470 3099 ab
490 3044 585 3100 officio
603 3044 733 3099 totaliter
751 3044 922 3115 deponatur.
958 3043 1059 3112 Hujus
1078 3042 1165 3096 etiam
1186 3054 1243 3095 sta·

183 3129 243 3183 tuti
261 3134 496 3200 transgressores
514 3128 798 3183 excommunicamus
818 3128 954 3182 similiter
979 3128 1010 3181 in
1028 3127 1086 3180 hiis
1114 3126 1241 3196 scriptis.

184 3212 333 3267 Volumus
345 3214 434 3267 etiam
453 3218 483 3268 et
501 3213 657 3267 statuimus
670 3211 749 3282 quod
768 3212 792 3265 si
812 3211 878 3281 quis
897 3212 929 3264 in
945 3210 1039 3264 officio
1052 3210 1150 3279 aliquo
1170 3209 1244 3262 male

184 3295 440 3351 administraverit
456 3297 504 3350 vel
524 3297 634 3366 absque
653 3313 741 3350 causa
759 3294 925 3350 rationabili
946 3312 1028 3348 snam
1049 3293 1244 3347 obedientiam

185 3380 295 3435 debitis
307 3382 483 3444 oneraverit,
496 3381 647 3452 depositus
666 3380 703 3435 ab
714 3380 809 3433 officio
827 3380 890 3433 sinc
909 3396 960 3448 spe
980 3377 1121 3433 redeundi
1141 3378 1244 3432 solatia

185 3465 368 3519 consanum
386 3482 443 3519 non
461 3466 614 3535 percipiat.

223 3548 436 3611 Nouo-decimo,
456 3548 535 3617 quod
551 3549 677 3602 infirmis
704 3547 840 3601 omnibus
859 3543 1020 3599 secundum
1040 3561 1101 3597 sure
1121 3542 1243 3595 infirmi·

184 3633 256 3686 tatis
274 3633 453 3703 exigentiam
472 3633 570 3686 omnia
588 3630 754 3685 necessaria
773 3630 936 3684 liberaliter
955 3628 1017 3681 sine
1037 3627 1113 3680 infra
1132 3643 1241 3679 annum

185 3717 267 3771 omni
286 3716 458 3771 difficultate
484 3717 663 3770 infirmarius
681 3714 843 3785 provideat,
864 3713 1080 3780 eorundemque
1109 3709 1242 3779 indigen·

184 3801 260 3854 tiam
290 3801 321 3854 in
351 3801 487 3855 omnibus
517 3801 653 3870 suppleat
690 3797 851 3852 seeundum
883 3795 1037 3849 consilium
1076 3793 1184 3847 medici
1215 3806 1243 3847 et

184 3885 314 3955 alicujus
334 3886 364 3939 in
382 3884 483 3939 ordine
495 3884 690 3955 praesidentis.
720 3881 804 3949 Quod
823 3882 848 3935 ai
862 3881 937 3934 bona
955 3878 992 3933 ad
1010 3896 1097 3933 suum
1116 3878 1243 3931 officium

184 3969 365 4039 pertinentia
391 3986 444 4038 pro
467 3968 649 4021 infirmorum
676 3964 901 4020 necessitatibus
928 3980 984 4015 non
1007 3962 1160 4025 sufficiant,
1182 3979 1243 4015 sure

188 4053 404 4107 insufficientia
416 4070 534 4106 causam
548 4052 645 4105 abbati
665 4051 712 4103 rel
732 4049 822 4120 priori
837 4062 887 4101 aut
908 4049 1024 4117 unique
1045 4060 1179 4118 exponat,
1194 4046 1245 4115 qni

186 4154 255 4191 eam
272 4137 440 4192 examinent
457 4137 627 4206 diligenter,
647 4135 770 4206 ipsaque
798 4132 962 4186 examinata
980 4149 1033 4202 per
1051 4130 1244 4184 infirmarium

187 4230 242 4276 ant
266 4222 369 4277 sinon
387 4221 513 4277 sufficiat
530 4220 648 4275 aliunde
667 4220 765 4273 infirm
792 4259 798 4274 .
828 4258 834 4272 .
864 4257 870 4273 .
898 4215 1059 4272 secuudum
1085 4224 1179 4271 statue·
1199 4213 1244 4266 sui

188 4305 370 4377 exigentiam
389 4305 425 4359 de
449 4305 596 4359 communi
616 4304 723 4356 saciant
743 4300 857 4355 abunde
878 4308 908 4354 et
926 4300 1062 4354 celeriter
1081 4297 1246 4352 neccssaria

187 4389 362 4445 ministrari,
401 4388 527 4460 Sintque
546 4386 650 4457 {egroti
672 4384 812 4440 antedicti
832 4401 886 4453 per
904 4382 1110 4454 coquinarium
1128 4392 1159 4434 ct
1178 4379 1244 4433 sub·

188 4474 367 4529 eelerarinm
396 4474 501 4529 diebus
531 4471 659 4543 singulis
690 4470 803 4527 visitati
835 4484 868 4523 ut
897 4469 991 4523 sciant
1028 4466 1135 4537 quibus
1166 4461 1246 4517 vesci

188 4558 316 4615 debeant
344 4559 468 4614 consilio
498 4557 688 4619 medicorum,
721 4555 776 4610 aab
806 4571 893 4625 poena
929 4545 1245 4608 excommunicationis,

189 4662 280 4714 qnam
304 4643 557 4701 oonnavenientes
576 4642 727 4697 incurrere
746 4640 881 4693 volumus
909 4638 973 4708 ipso
991 4638 1076 4691 sacto.
1115 4629 1246 4687 Minisui
