3158 5610
461 794 636 843 tremum
658 796 701 843 ro
726 794 993 845 rxrnonvturox.
1127 782 1254 846 lxxxvii

196 980 327 1035 ‹luntuor
344 966 515 1037 leporariae,
535 967 586 1036 qui
614 984 671 1021 uno
695 968 758 1022 solo
782 968 919 1038 garcione
944 969 1054 1023 sciente
1073 970 1173 1022 venari
1191 987 1256 1024 etta·

195 1047 350 1104 todiantur
367 1067 435 1105 eum
452 1067 512 1105 uno
529 1050 592 1104 solo
609 1050 708 1122 pagio.
745 1050 855 1105 Nullus
874 1052 961 1105 etiam
981 1052 1061 1106 canis
1081 1053 1186 1122 sugam
1208 1053 1254 1106 vel

195 1131 362 1202 leporarius
389 1134 573 1204 ingrediatur
602 1135 700 1189 aulam
730 1135 843 1189 abbatis
873 1153 972 1189 coram
996 1135 1254 1197 discumbentibus,

194 1215 254 1271 aed
271 1233 324 1287 per
340 1217 495 1273 hostiarios
514 1216 705 1273 excludantur
722 1226 752 1273 et
770 1218 925 1289 ejiciantur
944 1219 1077 1289 ingressi.

237 1297 350 1363 Oetaea,
379 1300 458 1371 quod
483 1300 642 1356 elemosina
669 1310 699 1356 et
726 1303 890 1372 fragmenta
920 1302 957 1355 de
988 1303 1098 1357 mensis
1130 1304 1159 1356 in
1189 1304 1256 1357 aula

194 1382 324 1446 abbatie,
344 1383 380 1437 de
399 1384 569 1448 infirmaria,
589 1384 626 1439 de
644 1386 808 1441 refectorio.
823 1398 852 1440 et
870 1385 907 1439 de
926 1403 1027 1440 mensa
1046 1386 1169 1441 fratrum
1188 1404 1254 1441 eon-

194 1484 362 1531 versornm,
382 1469 459 1523 etin
478 1469 593 1524 caeteris
613 1469 685 1523 loeis
711 1469 761 1522 ubi
780 1469 894 1538 aliquos
914 1470 996 1522 retici
1017 1470 1183 1537 contigerit,
1203 1488 1256 1540 per

195 1550 353 1606 honestum
372 1552 509 1607 clientem
528 1553 788 1607 aubelemosinario
812 1562 842 1607 et
860 1553 976 1606 domino
1004 1553 1094 1622 priori
1110 1554 1253 1623 juratum,

195 1634 316 1705 integre
340 1648 371 1689 et
401 1635 528 1691 fideliter
558 1636 743 1707 colligantur,
793 1636 832 1691 Et
859 1637 928 1704 quia
955 1636 1064 1704 ubique
1093 1655 1168 1690 rmus
1198 1656 1254 1691 non

196 1730 297 1789 potest
326 1719 468 1783 sufficere,
499 1721 665 1791 jungantur
698 1720 798 1774 cleriei
830 1720 865 1773 de
896 1736 1012 1773 camera
1042 1720 1254 1774 elemosinaria:

197 1810 287 1873 prout
312 1803 461 1858 videbitur
488 1804 635 1875 expedire,
664 1814 696 1859 ut
722 1803 881 1857 elemosina
903 1803 1030 1857 fideliter
1048 1805 1208 1873 colligatur
1226 1818 1255 1857 et

194 1885 411 1951 dien-ibuatun
439 1887 660 1942 delmudatorea
697 1905 767 1941 vero
797 1887 963 1940 elemosinae
1001 1887 1047 1939 vel
1091 1905 1155 1940 eam
1192 1889 1255 1942 sinc

196 1968 318 2023 licentia
334 1970 438 2025 dantea
456 1983 487 2026 et
505 1980 651 2026 vavtantes
671 1972 803 2041 graviter
828 1971 994 2040 puniantur,
1017 1978 1049 2025 ut
1067 1971 1092 2024 si
1112 1971 1162 2040 qui
1182 1973 1255 2026 tales

197 2051 310 2108 inventi
336 2054 446 2109 suerint
471 2054 566 2109 tribus
585 2054 688 2109 diebus
708 2054 833 2109 Veneris
858 2054 1049 2124 eecpreutibus
1068 2056 1204 2108 continue
1224 2055 1253 2108 in

196 2154 273 2207 pane
291 2150 322 2192 et
339 2155 416 2208 aqua
429 2137 573 2208 jejunent,
587 2138 635 2191 vel
652 2138 710 2191 alia
728 2154 814 2207 ptnna
832 2138 977 2207 condigna
996 2138 1032 2191 ab
1051 2138 1154 2192 abbate
1174 2139 1220 2191 vol
1239 2158 1255 2192 a

196 2220 375 2289 presidente
392 2222 515 2292 capituli
535 2221 687 2291 infligatur
705 2221 826 2275 eisdem.

234 2305 327 2365 Nono.
354 2304 433 2376 equod
468 2304 609 2359 fratribus
645 2304 864 2360 comedentibus
901 2322 1003 2360 carries
1029 2305 1059 2358 in
1090 2303 1250 2358 infirmaria

196 2388 347 2443 ministret
381 2390 472 2444 frater
517 2388 609 2444 laicus
645 2389 691 2443 vel
732 2389 901 2453 monachus),
937 2404 966 2443 et
1003 2388 1102 2442 nullus
1139 2389 1256 2441 omnino

196 2472 349 2527 aaecnlaria
376 2471 434 2526 nisi
464 2472 515 2543 qui
548 2490 601 2542 pro
626 2478 757 2542 tempore
788 2472 970 2526 necessarius
1001 2471 1101 2535 fuerit,
1127 2477 1158 2526 et
1187 2480 1255 2525 tunc

196 2555 339 2610 duntaxat
363 2557 467 2611 unicus
493 2555 600 2611 vestris
624 2557 754 2611 servitiis
779 2557 971 2617 inveteratur,
991 2556 1028 2609 de
1054 2573 1112 2625 quo
1138 2562 1257 2625 putetur

198 2640 279 2709 qnod
309 2640 417 2695 vestr-ie
447 2639 520 2695 velit
545 2640 661 2709 juoeiter
691 2640 863 2695 ministeriis
895 2641 1046 2703 interesse,
1079 2640 1156 2694 sicut
1184 2639 1255 2693 alia-t

197 2742 253 2794 per
277 2723 361 2777 bonae
391 2724 539 2778 memorioe
563 2725 683 2779 fratrem
710 2723 872 2778 Robereim
896 2723 932 2777 de
959 2724 1160 2792 Killervardby
1185 2742 1257 2794 prte-

196 2807 384 2862 deeessorem
399 2818 532 2863 nostrum
552 2808 716 2861 invenimus
735 2808 910 2863 ordinatum.
949 2808 1016 2862 Non
1034 2810 1094 2863 sint
1111 2807 1152 2861 ibi
1171 2826 1257 2862 voces

197 2891 337 2946 clamosoe
366 2891 420 2945 acd
448 2891 621 2957 submissum
654 2892 745 2945 frater
775 2909 843 2945 eum
874 2893 965 2946 fratre
1000 2892 1056 2945 ribi
1090 2891 1193 2961 juncto
1228 2892 1257 2945 in

198 2974 324 3044 prandio
350 2974 500 3029 moderate
527 2974 673 3046 loquutur·
711 2974 803 3029 Nulla
824 2975 864 3028 sit
879 2974 921 3028 ibi
949 2975 1096 3029 eontentio
1115 2975 1161 3028 vel
1182 2976 1254 3028 rixa.

198 3058 285 3126 Quod
315 3058 342 3112 si
372 3058 439 3129 qnia
470 3058 500 3112 in
534 3059 588 3112 hoc
617 3058 707 3113 suerit
737 3058 946 3128 deprehensus,
974 3059 1003 3112 in
1035 3060 1162 3113 erastino
1192 3077 1257 3130 pro·

198 3142 345 3197 clametur
380 3142 412 3195 in
440 3142 578 3213 capitulo,
610 3152 641 3195 et
670 3143 820 3197 convictus
857 3142 1016 3197 seeundum
1052 3143 1256 3197 discretionem

199 3225 310 3279 ibidem
352 3224 536 3295 praesidentis
578 3225 682 3280 solatio
725 3226 867 3295 privetur,
936 3225 1123 3296 Injungimua
1168 3227 1255 3280 etiam

200 3309 283 3363 vobis
323 3309 458 3364 districte
494 3308 572 3379 quod
615 3309 847 3380 ‹inaudoeunque
888 3310 993 3364 fratres
1030 3308 1161 3363 morrachi
1205 3328 1257 3379 pro

199 3392 380 3446 recreatione
411 3392 441 3445 in
471 3391 630 3445 infirmaria
661 3392 849 3455 comederint,
877 3392 943 3445 dure
973 3406 1070 3462 parma·
1096 3393 1133 3446 atl
1161 3392 1256 3445 minu-2

199 3477 355 3531 comedant
368 3476 398 3529 in
410 3476 566 3530 refectorio
585 3478 615 3529 in
634 3486 778 3530 conventu
797 3476 921 3530 abbatim
932 3476 950 3541 3¹
970 3488 998 3528 et
1018 3477 1131 3531 caeteris·
1150 3475 1255 3528 officia·

200 3561 278 3615 libus
305 3559 413 3629 quibus
440 3559 582 3613 incumbit·
608 3578 679 3613 cura
704 3561 853 3629 hospitum
873 3572 901 3613 et
922 3559 1101 3612 infirmorum
1122 3558 1257 3611 continua

198 3663 266 3699 cfrm
285 3643 374 3699 tertia
391 3650 474 3714 parte
492 3644 635 3698 existente
655 3645 684 3697 in
704 3644 882 3697 recreatione
909 3644 937 3695 iu
958 3642 1117 3695 infirmaria
1137 3642 1256 3695 minimo

198 3726 377 3798 computatis
411 3743 479 3781 cum
514 3726 713 3781 laborantibus
740 3742 770 3781 et
800 3726 945 3779 debilibus
977 3724 1075 3779 abbati
1106 3736 1136 3779 ot
1166 3724 1255 3794 priori

198 3812 288 3866 liceat
306 3810 484 3880 dispensare.

234 3895 361 3957 Decimo,
374 3894 533 3949 statuimus
552 3893 709 3964 quodcum
724 3894 829 3947 fratres
842 3892 934 3961 aliqui
948 3893 1105 3946 mittuntur
1118 3892 1155 3945 ad
1167 3893 1255 3947 cellas

200 3978 312 4033 ibidem
323 3977 362 4032 ad
380 3986 497 4049 tempus
509 3978 661 4041 moraturi,
675 3979 729 4031 hoe
742 3977 793 4031 fiat
811 3976 848 4029 ‹le
860 3975 983 4029 consilio
1000 3975 1124 4039 abbatis,
1138 3976 1255 4047 prioris.

200 4061 375 4133 supprioris,
394 4062 477 4117 tertii
497 4062 615 4132 prioris,
635 4061 834 4133 praecentoris‚
858 4070 888 4113 et
906 4059 1036 4129 quinque
1054 4058 1255 4114 claustralium

200 4147 361 4209 seniorum,
382 4144 433 4215 qui
459 4145 549 4200 etiam
581 4162 633 4216 per
663 4162 765 4199 eorum
791 4143 946 4199 eonsilium
977 4152 1159 4198 revocentur.
1211 4144 1255 4198 Ita

200 4246 300 4285 tamen
318 4228 398 4299 quod
422 4228 501 4283 ultra
518 4246 628 4283 annum
651 4228 683 4283 in
700 4227 784 4283 cellis
810 4245 922 4281 moram
948 4244 1005 4282 non
1032 4228 1156 4282 trahant.
1193 4226 1256 4280 Nee

201 4315 279 4369 infra
297 4331 406 4368 annum
425 4332 483 4384 quo
507 4318 681 4368 revocantur
706 4313 813 4366 iterum
839 4313 995 4366 mittantur
1020 4311 1057 4365 ad
1082 4312 1171 4365 cellas
1199 4311 1255 4364 nisi

226 4487 311 4494 .--
335 4488 358 4492 -
385 4486 478 4492 -.-—-
530 4483 786 4491 .----—-.-———
816 4483 886 4488 —-..
930 4484 936 4488 .
990 4483 1004 4488 ,-
1054 4483 1062 4487 «.
1087 4482 1142 4488 -——
1160 4480 1251 4486 ---.--

557 4596 563 4625 ¹
582 4593 703 4660 leuen]
716 4595 814 4653 tou-e,
826 4593 883 4643 ns.
