3158 5610
373 699 439 763 258
665 705 914 758 enarummuu
936 703 1146 754 uounsmnn

373 902 443 941 nero
457 890 576 957 sperant
591 901 646 956 per
658 901 705 938 me
717 882 924 954 impediantur,
943 888 1063 952 paratus
1083 897 1158 943 sum,
1173 878 1200 935 sl
1210 877 1296 935 vobis
1317 876 1429 950 plsoot.

375 971 411 1026 nd
436 970 606 1026 mandatum
629 974 761 1024 restrum
784 985 839 1039 pro
862 965 973 1022 eisdem
991 964 1196 1038 promovendis
1214 962 1252 1019 de
1274 962 1431 1019 voluntate

374 1061 474 1111 vestra
488 1055 551 1126 juri
568 1071 633 1108 meo
650 1052 833 1107 renunciare.

642 1291 897 1359 CLXXXVIII.
918 1291 1166 1358 Dentatum

211 1445 366 1497 A.D.1085.
412 1438 497 1495 Anno
520 1439 557 1495 ab
578 1439 781 1495 Incarnatioue
802 1437 921 1494 Domini
939 1438 1096 1495 millesimo
1116 1438 1296 1509 octogesimo
1315 1436 1430 1508 quinto.

212 1528 251 1579 Os
258 1529 318 1580 lund
328 1530 356 1579 in
378 1524 529 1580 Eumelinn
539 1542 612 1578 uxor
623 1523 747 1579 Walteri
766 1520 801 1578 de
820 1523 909 1578 Lacei
920 1522 1002 1578 dedit
1014 1523 1120 1579 Sancto
1133 1522 1221 1578 Petro
1234 1522 1271 1577 do
1290 1520 1432 1577 Glouocs·

212 1595 322 1647 Duum·
378 1609 444 1671 tria,
458 1627 512 1681 pro
529 1607 728 1679 redemptione
741 1609 845 1662 animae
857 1607 915 1662 riri
928 1608 984 1671 sui,
1004 1625 1093 1663 unam
1103 1607 1206 1662 sillam
1225 1606 1357 1679 quinquo
1375 1604 1431 1675 hy·

246 1677 313 1714 Μ’·
378 1692 492 1757 darum,
524 1692 638 1747 scilicet
670 1692 888 1747 Duntosburue.
947 1690 1058 1745 Eodem
1086 1709 1161 1746 auno
1191 1689 1363 1745 Willelmus
1392 1688 1431 1743 de

379 1772 392 1848 [
495 1772 523 1846 ]1
544 1774 626 1830 dedit
645 1774 740 1830 eidam
761 1775 894 1830 ecclesiia
911 1774 1110 1829 molendinum
1132 1792 1223 1830 unum
1243 1791 1313 1830 oum
1330 1772 1434 1843 virgu-

377 1861 437 1915 lata
455 1865 541 1915 tcrrae
560 1858 728 1931 adjacentis,
749 1859 924 1915 concedente
942 1865 972 1915 ct
992 1860 1180 1915 confirmante
1198 1858 1351 1915 willelmo
1371 1854 1432 1912 An·

377 1945 496 2015 giorum
515 1962 587 2015 rego
604 1944 679 1999 hano
696 1950 853 2015 utramwo
871 1942 1065 1999 donationem.

414 2027 497 2096 Quod
520 2030 631 2082 sactum
655 2034 701 2083 est
719 2028 796 2099 apud
820 2027 1035 2083 Gloucostriam
1059 2026 1254 2099 praesentibus
1278 2032 1310 2083 et
1327 2024 1432 2082 confir·

378 2114 526 2168 montibus
548 2113 617 2167 filiis
636 2113 698 2168 suis
716 2119 747 2167 et
764 2112 953 2184 optimatibus
971 2112 1058 2183 regni
1076 2112 1132 2168 sui.

415 2198 479 2265 Ego
491 2196 669 2260 Willelmus,
683 2196 747 2251 Rex
758 2197 933 2268 Anglorum,
953 2197 1008 2252 hoc
1026 2195 1196 2251 continuari
1213 2195 1270 2253 hoo
1288 2190 1433 2267 sigu04.

414 2282 479 2350 Ego
497 2280 644 2335 Robertus
663 2281 743 2351 regis
762 2280 840 2335 filius
859 2280 1021 2351 subscripsi
1037 2277 1082 2352 ψ.

414 2366 479 2434 Ego
497 2364 664 2420 Willelmus
682 2364 763 2435 rogis
781 2365 861 2419 filius
880 2364 1041 2435 subsorIpsi
1057 2361 1103 2436 ·}·.·

416 2448 541 2519 Signum
561 2448 670 2502 domini
688 2448 845 2503 Lanlranoi
864 2448 1076 2519 archiepiscopi
1091 2445 1137 2520 ψ.

416 2533 541 2603 Signum
559 2532 678 2587 Thomas
697 2532 909 2604 archiepiscopi
927 2528 973 2603 ψ.

416 2617 542 2688 Signum
559 2616 719 2671 Walkelini
737 2617 868 2688 episcopi
886 2612 924 2687 -Ι-
940 2616 1168 2687 Wyntoniensis.

416 2702 541 2769 Signum
560 2699 684 2755 Goffridi
703 2701 832 2772 episcopi
851 2697 1145 2772 constantiensis-1¹.

416 2784 541 2855 Signum
560 2784 703 2839 Willelmi
721 2785 851 2857 episcopi
870 2785 1119 2841 Landiffarnsusis
1136 2781 1182 2856 ψ.

416 2869 542 2937 Signum
560 2868 703 2923 Osmundi
721 2869 850 2940 episcopi
870 2868 1084 2925 Sirisbiriensis
1101 2866 1146 2941 ψ.

416 2953 541 3022 Signum
559 2952 680 3009 Robcrti
700 2954 815 3009 comitis
833 2953 1004 3009 Moritensis
1020 2950 1065 3025 ψ.

417 3037 542 3108 Signum
561 3036 648 3092 Alani
667 3039 782 3092 comitis
800 3034 845 3107 ψ.

550 3308 766 3375 CLXXXIX.
790 3310 840 3375 Dc
862 3309 1059 3377 uiolcnclino
1082 3309 1122 3377 clo
1144 3309 1266 3376 eadent.

214 3474 302 3534 ottho
316 3467 387 3529 niu'
419 3463 543 3519 Domino
565 3482 618 3519 suo
643 3463 741 3520 abiisti
765 3464 914 3520 Willelmo
940 3472 970 3520 et
993 3466 1048 3521 toti
1074 3463 1296 3537 congregationi
1313 3480 1434 3520 venera·

213 3543 361 3595 lullum&
382 3550 487 3605 bilium
518 3550 643 3605 fratrum
674 3549 867 3605 Gloucostriae
897 3550 1067 3605 monasterii
1099 3550 1188 3604 (inim
1221 3568 1304 3615 suus,
1338 3550 1436 3621 gratis

213 3610 316 3661 ΜΗΘ·
382 3637 465 3691 rolris
484 3654 502 3690 a
520 3634 582 3689 Deo
601 3640 631 3690 ot
648 3652 713 3706 pax.

416 3720 461 3774 De
474 3726 553 3774 terra
572 3737 637 3792 qum
654 3719 854 3774 necessarium
872 3726 918 3775 cst
935 3720 1017 3776 robis
1030 3718 1067 3774 ad
1085 3707 1285 3774 molendinum
1303 3726 1434 3775 restrum

381 3804 412 3859 iu
431 3803 637 3859 Duntcsburne
656 3808 774 3875 pactum
799 3804 878 3875 quod
901 3806 1053 3861 vobiscum
1077 3822 1167 3876 nepos
1185 3823 1269 3860 meus
1288 3804 1436 3873 Antonius

213 3910 230 3960 p
243 3914 283 3960 52.
382 3889 460 3954 sccit,
480 3888 674 3946 concedimus.
712 3888 826 3945 Volcte.

584 4128 680 4196 CXC.
705 4126 753 4194 Dc
775 4124 976 4196 neolondiuo
999 4129 1148 4217 ejusdem
1163 4124 1235 4199 loci.

214 4292 302 4343 ome
418 4276 520 4333 Sciunt
537 4282 697 4349 presentes
716 4283 746 4331 et
764 4277 866 4335 futuri.
891 4277 969 4348 quod
996 4294 1053 4349 ego
1071 4279 1230 4343 Henricus,
1257 4278 1314 4334 Del
1339 4281 1439 4353 mdo

213 4374 288 4409 same·
382 4363 470 4417 obbas
502 4369 532 4417 et
561 4366 721 4416 conventus
759 4361 860 4418 Sancti
891 4361 974 4418 Petri
1002 4362 1205 4423 Glaucestriae.
1236 4366 1438 4422 concessimus

383 4447 508 4502 Johnnui
534 4446 746 4500 molendinario
772 4445 970 4501 molendinum
998 4453 1131 4502 nostrum
1161 4447 1198 4502 de
1229 4448 1438 4506 Duntcsbnrne

813 4665 818 4693 ¹
837 4662 920 4714 Blnnk
934 4664 959 4715 iu
972 4662 1028 4717 MS.
