3158 5610
295 705 415 770 mxxvi
553 716 734 768 arannem
757 716 799 763 ro
822 715 1088 764 manonncnou.

333 896 449 961 Qaaarto,
484 893 562 963 quod
588 893 674 962 juxta
704 890 918 945 ordinationem
944 896 1074 945 vostram
1101 891 1236 946 dominns
1262 891 1354 946 abbas

304 980 434 1050 quinque
465 976 627 1048 esquierios
658 975 764 1030 habeat
794 980 918 1038 tontum,
957 992 1081 1044 quorum
1109 975 1234 1046 quilibet
1262 992 1356 1029 unum

304 1082 412 1135 equum
439 1062 579 1117 duntaxat
606 1061 720 1125 habeat,
748 1078 823 1113 nnus
850 1065 948 1113 antem
973 1077 1076 1114 eornm
1106 1060 1146 1131 sit
1175 1060 1356 1126 senescallus

295 1148 425 1219 hospitii,
440 1146 576 1218 prudens,
592 1144 742 1208 facundus,
757 1151 787 1198 et
806 1143 910 1197 sciens.
939 1142 1091 1198 Secundus
1111 1143 1150 1199 sit
1161 1143 1353 1199 marescallus

298 1232 349 1302 qui
369 1231 448 1285 omni
466 1230 513 1284 dio
532 1229 650 1283 intersit
668 1234 801 1298 compote
826 1244 1019 1297 expensarum
1043 1227 1075 1282 in
1092 1229 1219 1300 hospitio
1237 1227 1354 1282 abbatis

296 1334 395 1371 corum
425 1314 576 1386 capellano
603 1318 633 1368 et
660 1311 830 1383 coquinario
857 1328 924 1365 cnm
953 1310 1042 1366 abbas
1068 1312 1148 1367 domi
1175 1312 1274 1368 suerit.
1313 1310 1354 1366 Et

295 1399 471 1470 respondeat
507 1397 542 1452 do
579 1413 701 1450 numero
730 1395 936 1466 prandentium
967 1394 998 1448 in
1028 1397 1105 1461 aula,
1126 1401 1160 1452 nt
1189 1396 1351 1451 secundnm

295 1501 452 1538 numeram
482 1481 662 1536 serculorum
691 1479 828 1534 videatur
856 1479 1009 1550 urinalitas
1039 1479 1076 1534 de
1113 1480 1219 1551 quibus
1262 1497 1351 1534 cocus

296 1567 410 1622 abbatis
437 1564 627 1635 computabit.
666 1562 783 1618 Tertius
811 1564 977 1634 esqnicrius
997 1564 1036 1618 sit
1054 1581 1151 1618 cocus.
1190 1563 1256 1618 Duo
1279 1580 1352 1617 vero

296 1650 408 1704 residui
427 1649 487 1702 sint
505 1648 543 1702 ad
561 1647 784 1718 dispositionem
809 1647 923 1701 abbatis
948 1647 1110 1702 secundum
1129 1646 1207 1717 qnod
1224 1645 1354 1701 voluerit

297 1733 354 1788 sibi
381 1732 544 1785 ministrari
573 1731 603 1784 in
631 1748 733 1785 mensa
759 1738 789 1785 et
814 1731 845 1785 in
870 1748 994 1795 camera,
1021 1749 1097 1785 unus
1124 1737 1222 1785 tamen
1248 1747 1351 1783 eorum

296 1817 336 1871 sit
354 1815 552 1869 cubicularius
571 1814 635 1884 ejus
654 1813 808 1869 intendens
826 1815 902 1869 lecto
922 1832 984 1868 suo.
1013 1815 1061 1869 Ita
1080 1815 1157 1885 quod
1169 1832 1228 1867 non
1245 1813 1353 1867 habeat

297 1898 548 1954 subcamerarium
573 1899 610 1952 ad
636 1898 737 1952 robam
756 1897 792 1952 do
810 1904 890 1952 secta
908 1899 1085 1952 valletorum
1103 1898 1139 1952 dc
1159 1898 1261 1960 officio,
1281 1897 1353 1966 (luia

296 1983 333 2038 ud
360 1983 422 2036 haec
448 1981 626 2035 sufficienter
652 1981 759 2036 habeat
785 1981 1017 2052 palefridarinm.
1056 1983 1095 2036 Et
1119 1981 1197 2050 quod
1215 1980 1351 2035 dominus

297 2068 386 2122 abbas
419 2066 525 2120 babeat
559 2084 650 2120 unum
684 2066 878 2136 panetarium,
908 2084 1000 2120 nuum
1033 2065 1217 2128 botalurium‚
1260 2081 1352 2119 unum

297 2153 454 2205 subeocum
483 2149 534 2220 qni
562 2150 602 2204 sit
627 2150 776 2212 salsarius,
798 2150 955 2204 ferrarium
976 2150 1064 2204 etiam
1086 2149 1215 2220 peditem
1233 2148 1352 2202 omnine

297 2236 359 2289 aino
379 2253 463 2305 equo,
479 2240 509 2288 et
528 2252 619 2288 unum
637 2233 776 2287 nuncium
797 2234 860 2287 siue
881 2251 965 2304 equo.
1003 2231 1133 2301 Quatuor
1146 2232 1353 2304 palefridarios

296 2319 402 2372 husbeut
427 2322 541 2372 tantum
566 2335 619 2387 pro
647 2335 678 2371 ao
705 2327 735 2370 ct
763 2317 824 2371 suis
850 2317 1018 2387 capellanis,
1039 2335 1106 2371 curn
1134 2321 1177 2371 tot
1198 2315 1282 2384 equis
1304 2314 1352 2370 vel

297 2403 440 2474 pluribus,
462 2401 539 2455 sicut
566 2401 622 2454 sibi
648 2400 757 2454 viderit
775 2401 922 2470 expedire.
960 2401 1008 2454 lta
1026 2401 1105 2471 quod
1123 2411 1242 2471 propter
1260 2416 1352 2470 equos

298 2505 356 2541 non
376 2491 520 2555 augeatur
532 2502 672 2539 numerus
686 2485 857 2554 garcionum
871 2484 908 2538 ad
920 2485 1015 2548 robus,
1031 2485 1081 2554 qui
1095 2484 1214 2555 quidem
1227 2492 1353 2554 (quatuor

298 2571 452 2640 garciones
477 2567 660 2638 palefridarii
689 2585 779 2621 unum
805 2567 860 2621 sub
891 2586 921 2621 se
946 2568 1074 2622 habeant
1097 2569 1235 2639 pnginm3
1263 2584 1352 2621 unam

297 2655 385 2707 etiarn
404 2653 524 2721 longam
543 2657 688 2705 carectum
707 2651 813 2705 habeat
825 2656 939 2705 tantum
952 2651 1087 2705 dominus
1100 2651 1199 2715 abbas,
1213 2651 1256 2706 ita
1273 2650 1352 2721 qnod

298 2736 426 2791 socianda
445 2742 561 2790 carecta
579 2736 696 2789 omnino
720 2735 886 2790 dimittatur
906 2735 982 2790 sient
999 2736 1163 2805 antiquitus
1182 2752 1247 2789 esso
1266 2735 1351 2790 solet.

334 2821 450 2884 eriuto,
486 2819 571 2888 juxta
610 2820 732 2873 eundem
772 2818 986 2873 ordinationem
1028 2825 1159 2874 vestram
1194 2819 1352 2873 statuimus

298 2902 454 2958 inhibendo
481 2920 517 2956 ne
538 2902 627 2955 abbas
653 2902 729 2956 bona
754 2903 855 2973 aliqua
876 2909 977 2957 eontra
1001 2902 1171 2956 monasterii
1198 2909 1352 2957 consuetu·

298 2987 395 3041 dinem
414 2986 520 3040 habeat
538 2992 680 3056 serrarum,
692 2993 721 3040 ct
741 2987 819 3056 quod
838 2987 926 3040 abbas
946 2986 1031 3040 alteri
1050 2987 1181 3057 proximo
1193 2985 1352 3040 succedens

298 3090 333 3125 en
359 3088 423 3139 (ram
450 3088 520 3123 suus
547 3070 747 3140 praedecessor
775 3071 943 3141 acquisivit,
970 3071 1032 3124 sire
1061 3071 1091 3123 in
1118 3070 1215 3134 terris,
1236 3070 1297 3124 sire
1323 3070 1353 3123 in

298 3153 530 3226 possessionibus
550 3153 625 3217 aliis,
647 3172 735 3224 penes
754 3173 785 3208 sc
804 3173 861 3208 uon
885 3154 1018 3217 retineat,
1034 3155 1085 3210 scd
1098 3154 1296 3225 possessiones
1310 3154 1353 3209 sic

299 3243 450 3313 nerprisitae
469 3241 670 3296 communitati
690 3242 820 3296 totaliter
839 3241 1036 3311 assignentur.

335 3328 424 3388 Scato,
446 3325 524 3396 quod
552 3326 641 3379 abbas
670 3325 785 3395 ‹praudo
811 3327 913 3380 visitat
945 3327 1090 3396 prioratus
1116 3333 1147 3381 et
1176 3326 1265 3381 cellas
1296 3344 1353 3380 non

299 3411 419 3466 excedat
457 3428 613 3464 nanterum
653 3410 855 3464 novemdecim
896 3429 1049 3481 equorum,
1082 3429 1135 3464 nec
1172 3410 1269 3464 abbati
1305 3411 1354 3463 vel

298 3497 436 3567 cuiqnam
455 3495 506 3549 alii
525 3494 561 3547 dc
580 3494 693 3547 fanrilia
717 3493 764 3546 vel
789 3494 927 3548 counlira
952 3494 1064 3547 abbatis
1084 3495 1119 3547 ab
1139 3494 1238 3564 aliquo
1256 3494 1354 3564 priore

298 3581 383 3634 detur
401 3578 526 3650 pecnnia
540 3577 646 3647 jueale,
667 3584 718 3632 ant
735 3595 872 3631 nummus
892 3579 1095 3648 qaodcunque,
1115 3595 1168 3632 nec
1187 3578 1276 3632 abbas
1295 3579 1354 3633 tole

300 3664 372 3733 quid
399 3663 523 3732 recipiat
549 3662 597 3713 vel
624 3661 716 3730 recipi
747 3661 899 3730 permittat
929 3662 965 3714 ab
996 3662 1095 3731 aliquo
1124 3662 1353 3732 praemissorum.

298 3747 361 3800 Ista
389 3764 446 3816 quo
477 3745 513 3799 nd
541 3744 673 3814 sigillum
705 3762 858 3798 commuue
885 3753 915 3799 et
942 3746 1161 3815 dispositionem
1188 3746 1291 3801 domus
1320 3765 1353 3801 ae

298 3830 415 3884 familiar
450 3828 562 3882 abbatis
592 3828 779 3898 prrncipimus
809 3829 972 3883 districtius
1003 3830 1151 3884 observari
1183 3831 1238 3885 snb
1268 3850 1353 3902 parua

299 3912 614 3974 excommunicationis,
635 3930 722 3981 quam
751 3912 782 3966 in
800 3931 899 3967 oannes
919 3914 1169 3970 contravenientes
1187 3933 1205 3969 a
1222 3921 1353 3986 tempere

299 3997 502 4066 publicationis
521 3997 625 4050 horum
645 4003 820 4052 statutorum
838 4002 1003 4051 nostrorum
1022 3997 1098 4053 inter
1112 4017 1162 4053 vos
1176 3999 1268 4063 iacta,
1289 4018 1355 4070 pro·

299 4082 419 4135 serimus
438 4080 469 4134 in
480 4079 538 4135 hiis
557 4081 684 4151 scriptis.

336 4164 468 4235 Septimo,
499 4165 577 4233 qued
604 4163 765 4217 secundum
791 4165 1001 4219 ordinatima‘nr
1027 4173 1156 4220 vestram
1183 4168 1353 4237 pradictum

300 4248 473 4301 lectionibus
503 4265 593 4301 sacrm
622 4247 777 4317 scripturae
800 4250 896 4318 magis
924 4256 1043 4304 vacetur
1062 4250 1092 4303 in
1111 4268 1212 4304 mensa
1229 4252 1352 4305 abbatis.

302 4332 419 4385 Frivola
451 4349 566 4401 quoqne
597 4332 687 4384 rerba
718 4337 748 4384 et
779 4331 930 4385 inhonesta
961 4351 1059 4387 eorum
1096 4335 1199 4388 abbate
1238 4336 1354 4405 penitas

301 4414 511 4470 interdicant-ur
537 4423 566 4468 et
594 4433 610 4468 a
635 4414 784 4469 monacbis
803 4418 995 4486 praesentibus
1015 4419 1166 4487 loquentes
1184 4418 1355 4490 hujusmodi

300 4501 501 4554 refrenentur.
559 4498 658 4553 Abbas
677 4507 742 4554 octo
762 4499 901 4555 duntaxat
926 4520 1011 4556 canes
1035 4504 1141 4558 habeat
1165 4505 1300 4575 fugantes
1326 4514 1356 4561 et
