3158 5610
352 860 417 930 376
642 875 890 925 canromnmu
913 875 1123 925 uosasunau

352 1059 429 1116 ente,
449 1051 627 1106 cimiterium
651 1050 783 1105 fecimus.
819 1049 885 1106 Hoc
903 1049 1043 1105 addentes
1067 1057 1102 1106 ut
1119 1051 1247 1107 ecclesia
1272 1052 1409 1123 ejusdem

352 1136 432 1190 villoe
463 1153 524 1189 snae
554 1134 642 1190 matri
672 1133 803 1190 ecclesia>
827 1139 967 1204 tanquam
997 1134 1110 1205 capella
1138 1135 1326 1206 respondeat,
1354 1154 1410 1191 nec

352 1220 440 1274 aliam
461 1236 550 1289 (lnam
568 1218 680 1289 capella
698 1217 939 1273 consuetudinem
957 1217 1054 1273 saciat.
1092 1217 1132 1272 Et
1149 1218 1205 1274 hoc
1224 1219 1256 1273 iu
1273 1221 1408 1290 praefatas

353 1302 484 1357 ecclesius
510 1300 692 1356 dedicatione
712 1300 959 1363 confirmavimus,
978 1307 1009 1356 et
1034 1301 1174 1372 praesenti
1192 1302 1304 1374 scripto
1332 1303 1409 1358 illud

351 1386 431 1439 idem
449 1385 693 1440 confirmavimus.
731 1383 877 1441 Volumus
895 1384 986 1438 etiam
1009 1388 1040 1439 ct
1064 1384 1189 1439 firmiter
1215 1386 1408 1457 praecipimus

352 1475 386 1523 ut
404 1469 482 1539 quod
494 1469 640 1523 Robertus
653 1467 747 1522 felicis
760 1467 909 1522 memoriae
922 1467 1120 1537 praedecessor
1131 1475 1232 1523 noster
1244 1468 1281 1524 de
1294 1469 1410 1539 capella

352 1559 382 1607 ct
409 1553 553 1608 cimiterio
576 1552 717 1608 Prcstone
742 1551 933 1615 confirmavit,
962 1557 1059 1607 ratum
1086 1558 1117 1607 et
1138 1552 1244 1608 stabile
1269 1553 1408 1609 omnibus

351 1636 501 1692 habeatur.

622 1842 917 1908 CCCLXXXVII.
940 1842 990 1906 Dc
1010 1842 1131 1909 eodem.

389 1985 490 2040 Sciant
507 1992 666 2056 praesentes
694 1992 724 2040 ot
749 1986 852 2048 futuri,
873 1983 951 2054 quod
978 2001 1034 2054 ego
1053 1983 1204 2040 Galfridns
1232 1984 1269 2039 de
1289 1984 1409 2039 Ledeue

254 2102 260 2114 ·
352 2069 420 2124 dodi
439 2076 468 2124 ot
486 2070 616 2123 concessi
635 2069 719 2124 uxori
743 2087 816 2124 meai
834 2069 1002 2132 Milisantae,
1022 2086 1075 2139 pro
1094 2068 1216 2123 servitio
1234 2085 1297 2131 suo,
1319 2086 1408 2122 unam

352 2153 458 2207 librom
488 2153 599 2225 piperis
629 2154 788 2217 annuatim,
821 2153 903 2207 illam
933 2152 1073 2207 videlicet
1099 2170 1188 2222 quam
1214 2151 1303 2207 debet
1333 2152 1408 2207 mihi

352 2238 474 2291 reddere
505 2237 628 2290 Edeline
657 2236 687 2290 la
715 2237 797 2291 Wise
835 2244 865 2291 et
901 2254 1084 2291 successores
1115 2236 1162 2290 sui
1192 2236 1346 2290 annuatim
1377 2237 1408 2290 in

353 2321 457 2390 vigilio
480 2320 596 2375 Natalis
621 2320 758 2386 Domini;
781 2320 936 2375 tenendam
962 2326 993 2374 et
1022 2319 1184 2375 habendam
1211 2319 1269 2374 sibi
1299 2327 1331 2375 ot
1348 2320 1409 2375 cui·

351 2422 466 2474 cunque
485 2404 612 2458 voluerit
629 2404 711 2458 illam
729 2405 881 2475 assignare
899 2403 992 2458 libere
1011 2409 1041 2458 et
1058 2403 1187 2475 pacifice.

387 2487 426 2543 Et
445 2487 514 2557 quia
531 2487 598 2543 volo
616 2486 696 2558 quod
712 2487 776 2543 haec
794 2504 860 2542 mea
877 2486 995 2542 donatio
1012 2491 1043 2542 et
1060 2486 1210 2542 concessio
1228 2494 1305 2553 rata,
1326 2500 1381 2545 cte.

615 2684 930 2751 CCCLXXXVIII.
954 2684 1002 2749 De
1028 2683 1147 2750 codem.

387 2833 489 2888 Sciant
511 2842 670 2902 praeseutes
694 2838 725 2888 et
750 2832 853 2895 futuri,
874 2831 953 2903 quod
978 2848 1033 2901 ego
1061 2830 1152 2902 Hugo
1176 2830 1259 2885 filius
1279 2829 1406 2886 Galfridi

251 2953 257 2964 ·
351 2917 386 2971 do
405 2916 532 2981 Ladona,
551 2933 605 2987 pro
623 2916 686 2970 Deo
705 2922 735 2971 et
760 2916 854 2972 salute
878 2915 983 2970 animae
1010 2931 1083 2969 meae
1110 2920 1142 2969 et
1168 2914 1303 2969 omnium
1329 2923 1406 2969 ante·

350 3018 500 3054 sessorum
530 3016 671 3063 meorum,
701 2999 769 3054 dedi
795 3006 825 3054 ct
849 2999 990 3062 concessi,
1018 3004 1048 3052 et
1077 2999 1132 3052 hac
1157 3000 1301 3068 praesenti
1328 3006 1407 3053 carta

349 3103 414 3138 mea
432 3085 611 3148 confirmavi,
631 3083 729 3138 abbati
748 3091 778 3138 et
796 3083 952 3137 conventui
967 3082 1066 3137 Sancti
1084 3080 1185 3135 Pctri¹
1200 3080 1403 3144 Gloucestriae‚

349 3185 398 3221 sex
417 3185 500 3222 acras
519 3175 605 3223 terrae
624 3167 744 3222 arabilis
772 3175 801 3222 et
827 3166 988 3229 dimidiam,
1009 3165 1123 3220 scilicet
1148 3165 1185 3218 de
1212 3172 1295 3220 terra
1320 3184 1403 3236 quam

349 3251 500 3305 Galbidus
524 3258 608 3322 pater
633 3270 716 3306 meus
747 3251 822 3305 mihi
849 3250 931 3304 dedit
957 3267 1025 3303 cum
1052 3250 1189 3303 omnibus
1217 3251 1402 3320 pertinentiis

349 3335 410 3389 suis
429 3337 461 3389 in
479 3335 783 3398 Innerewardeslowc,
805 3353 869 3405 qnoe
889 3334 1012 3389 tendunt
1031 3351 1118 3403 super
1143 3342 1298 3404 pasturam
1322 3335 1403 3404 juxta

348 3424 466 3488 pratum
484 3420 562 3488 quod
581 3420 616 3473 do
636 3437 682 3473 me
704 3425 820 3484 tenent;
847 3418 987 3473 tenendas
1007 3425 1037 3472 et
1062 3418 1211 3472 habendas
1237 3419 1276 3473 dc
1302 3438 1349 3473 me
1375 3427 1403 3472 et

348 3503 514 3557 haeredibus
533 3503 616 3566 meis,
637 3504 668 3557 in
686 3520 789 3573 puram
809 3507 838 3556 et
856 3508 1028 3571 perpetuam
1047 3500 1247 3554 elemosinam.

383 3585 542 3640 Reddendo
568 3586 635 3639 inde
654 3586 806 3639 annuatim
824 3585 898 3638 mihi
917 3590 947 3639 et
972 3583 1139 3637 haeredibus
1157 3585 1244 3649 meis,
1265 3592 1327 3639 tam
1352 3603 1401 3654 pro

349 3670 441 3739 regali
460 3670 581 3724 servitio
600 3687 688 3740 quam
712 3687 765 3740 pro
784 3669 919 3722 omuibus
938 3668 1005 3721 aliis
1024 3667 1164 3732 servitiis,
1186 3669 1401 3723 consuetudini-

348 3753 411 3817 bus,
440 3753 648 3816 exactionibus,
678 3758 708 3806 ct
732 3752 892 3815 demendis,
921 3769 987 3821 quse
1013 3751 1049 3804 dc
1080 3751 1161 3806 dicta
1191 3758 1274 3807 terra
1300 3759 1403 3806 escunt

347 3835 394 3889 vol
413 3838 492 3891 exiro
510 3843 656 3907 poterunt,
677 3854 769 3890 unum
787 3854 840 3905 par
859 3836 1091 3905 cyrotccharum,
1106 3835 1155 3889 vel
1174 3853 1268 3889 unum
1287 3835 1401 3890 obolum

347 3919 384 3972 nd
402 3920 544 3975 celarium
563 3920 663 3976 Sancti
687 3920 778 3983 Petri,
799 3920 847 3973 die
868 3919 969 3974 Sancti
988 3918 1007 3972 J
1009 3918 1129 3973 ohannis
1147 3919 1294 3990 Baptistae
1312 3920 1403 3989 perci·

347 3991 495 4072 piendum.
530 4005 595 4074 Ego
607 4022 678 4059 vcro
690 4003 782 4073 Hugo
795 4010 825 4057 ct
842 4003 975 4058 haeredes
995 4003 1053 4057 mei
1072 4002 1232 4072 praedictas
1252 4021 1304 4058 sex
1321 4022 1401 4058 acras

347 4094 432 4141 torrae
451 4094 481 4141 et
499 4088 651 4142 dimidiam
670 4088 800 4157 praefatis
819 4086 917 4141 abbati
937 4094 967 4141 et
985 4088 1142 4142 conventui
1170 4104 1238 4141 cnm
1269 4088 1402 4142 omnibus

346 4170 531 4239 pertinentiis
563 4173 625 4225 suis
656 4177 757 4225 contra
787 4187 887 4224 omues
917 4171 1051 4225 homines
1078 4177 1108 4226 et
1137 4171 1287 4235 foeminas,
1317 4171 1403 4226 sicuti

346 4253 469 4307 liberam
488 4253 676 4310 elemosinam
694 4272 799 4319 meam,
820 4254 852 4308 in
869 4260 1046 4326 perpetuum
1064 4254 1335 4310 wmautizabimus.

347 4438 481 4450 ———0—›*
498 4442 509 4446 .-
533 4437 960 4447 --.-----.,*..----.-
977 4437 1037 4443 ·-—.

381 4558 385 4585 ¹
407 4556 496 4606 Sancti
507 4559 590 4623 Petri]
610 4559 737 4622 ltepeated
748 4560 775 4608 in
787 4559 853 4617 MS,
864 4561 911 4609 but
922 4559 964 4609 the
976 4559 1118 4609 redundant
1136 4560 1220 4608 words
1237 4574 1283 4609 are
1299 4559 1403 4608 marked

346 4634 406 4684 with
418 4635 460 4685 the
471 4638 528 4701 sign
539 4638 569 4686 oi
576 4653 682 4688 erasure.
