<?xml version="1.0" encoding="UTF-8"?>
<!DOCTYPE html PUBLIC "-//W3C//DTD XHTML 1.0 Transitional//EN"
    "http://www.w3.org/TR/xhtml1/DTD/xhtml1-transitional.dtd">
<html xmlns="http://www.w3.org/1999/xhtml" xml:lang="en" lang="en">
 <head>
  <title>
</title>
<meta http-equiv="Content-Type" content="text/html;charset=utf-8" />
  <meta name='ocr-system' content='tesseract 3.04.00' />
  <meta name='ocr-capabilities' content='ocr_page ocr_carea ocr_par ocr_line ocrx_word'/>
</head>
<body>
  <div class='ocr_page' id='page_1' title='image "./historiaetcartu00monagoog_0363.png"; bbox 0 0 3158 5610; ppageno 0'>
   <div class='ocr_carea' id='block_1_1' title="bbox 545 762 1281 831">
    <p class='ocr_par' dir='ltr' id='par_1_1' title="bbox 545 762 1281 831">
     <span class='ocr_line' id='line_1_1' title="bbox 545 762 1281 831; baseline 0.004 -6"><span class='ocrx_word' id='word_1_1' title='bbox 545 776 572 825; x_wconf 80' lang='lat' dir='ltr'><strong>a</strong></span> <span class='ocrx_word' id='word_1_2' title='bbox 594 774 696 823; x_wconf 76' lang='lat' dir='ltr'><strong>errat</strong></span> <span class='ocrx_word' id='word_1_3' title='bbox 717 775 969 823; x_wconf 70' lang='lat' dir='ltr'><strong>ououtmrntn</strong></span> <span class='ocrx_word' id='word_1_4' title='bbox 1215 762 1281 831; x_wconf 72' lang='lat'><strong>257</strong></span> 
     </span>
    </p>
   </div>
   <div class='ocr_carea' id='block_1_2' title="bbox 208 944 1282 2199">
    <p class='ocr_par' dir='ltr' id='par_1_2' title="bbox 225 944 1280 1190">
     <span class='ocr_line' id='line_1_2' title="bbox 226 944 1280 1005; baseline 0.004 -6"><span class='ocrx_word' id='word_1_5' title='bbox 226 944 381 1001; x_wconf 63' lang='lat' dir='ltr'><strong>tundam</strong></span> <span class='ocrx_word' id='word_1_6' title='bbox 404 946 443 1003; x_wconf 85' lang='lat' dir='ltr'><strong>de</strong></span> <span class='ocrx_word' id='word_1_7' title='bbox 459 948 543 1004; x_wconf 87' lang='lat' dir='ltr'><strong>uobis</strong></span> <span class='ocrx_word' id='word_1_8' title='bbox 562 956 593 1005; x_wconf 86' lang='lat' dir='ltr'><strong>et</strong></span> <span class='ocrx_word' id='word_1_9' title='bbox 615 949 835 1005; x_wconf 86' lang='lat' dir='ltr'><strong>successoribus</strong></span> <span class='ocrx_word' id='word_1_10' title='bbox 856 950 965 1005; x_wconf 85' lang='lat' dir='ltr'><strong>nostris</strong></span> <span class='ocrx_word' id='word_1_11' title='bbox 990 949 1047 1003; x_wconf 88' lang='lat' dir='ltr'><strong>sibi</strong></span> <span class='ocrx_word' id='word_1_12' title='bbox 1065 960 1096 1005; x_wconf 87' lang='lat' dir='ltr'><strong>et</strong></span> <span class='ocrx_word' id='word_1_13' title='bbox 1112 948 1280 1004; x_wconf 80' lang='lat' dir='ltr'><strong>haeredibus</strong></span> 
     </span>
     <span class='ocr_line' id='line_1_3' title="bbox 225 1028 1278 1106; baseline 0.003 -21"><span class='ocrx_word' id='word_1_14' title='bbox 225 1028 289 1085; x_wconf 80' lang='lat' dir='ltr'><strong>tuis</strong></span> <span class='ocrx_word' id='word_1_15' title='bbox 306 1029 345 1086; x_wconf 85' lang='lat' dir='ltr'><strong>de</strong></span> <span class='ocrx_word' id='word_1_16' title='bbox 361 1048 484 1103; x_wconf 74' lang='lat' dir='ltr'><strong>aot-pure</strong></span> <span class='ocrx_word' id='word_1_17' title='bbox 509 1051 564 1089; x_wconf 89' lang='lat' dir='ltr'><strong>auo</strong></span> <span class='ocrx_word' id='word_1_18' title='bbox 589 1034 724 1105; x_wconf 79' lang='lat' dir='ltr'><strong>legitime</strong></span> <span class='ocrx_word' id='word_1_19' title='bbox 749 1035 921 1106; x_wconf 86' lang='lat' dir='ltr'><strong>procreatis,</strong></span> <span class='ocrx_word' id='word_1_20' title='bbox 941 1035 1043 1098; x_wconf 86' lang='lat' dir='ltr'><strong>libere,</strong></span> <span class='ocrx_word' id='word_1_21' title='bbox 1064 1035 1173 1106; x_wconf 87' lang='lat' dir='ltr'><strong>quiete,</strong></span> <span class='ocrx_word' id='word_1_22' title='bbox 1193 1034 1278 1097; x_wconf 87' lang='lat' dir='ltr'><strong>benc,</strong></span> 
     </span>
     <span class='ocr_line' id='line_1_4' title="bbox 226 1114 649 1190; baseline 0.012 -21"><span class='ocrx_word' id='word_1_23' title='bbox 226 1128 259 1169; x_wconf 81' lang='lat' dir='ltr'><strong>et</strong></span> <span class='ocrx_word' id='word_1_24' title='bbox 274 1114 307 1169; x_wconf 88' lang='lat' dir='ltr'><strong>iu</strong></span> <span class='ocrx_word' id='word_1_25' title='bbox 323 1132 397 1187; x_wconf 81' lang='lat' dir='ltr'><strong>paee</strong></span> <span class='ocrx_word' id='word_1_26' title='bbox 413 1117 446 1172; x_wconf 92' lang='lat' dir='ltr'><strong>in</strong></span> <span class='ocrx_word' id='word_1_27' title='bbox 462 1126 649 1190; x_wconf 86' lang='lat' dir='ltr'><strong>perpetuum.</strong></span> 
     </span>
    </p>

    <p class='ocr_par' dir='ltr' id='par_1_3' title="bbox 208 1197 1282 2199">
     <span class='ocr_line' id='line_1_5' title="bbox 260 1197 1279 1274; baseline 0.002 -20"><span class='ocrx_word' id='word_1_28' title='bbox 260 1197 420 1256; x_wconf 76' lang='lat' dir='ltr'><strong>Reddenda</strong></span> <span class='ocrx_word' id='word_1_29' title='bbox 437 1201 506 1257; x_wconf 83' lang='lat' dir='ltr'><strong>iude</strong></span> <span class='ocrx_word' id='word_1_30' title='bbox 526 1204 678 1259; x_wconf 86' lang='lat' dir='ltr'><strong>aunuatim</strong></span> <span class='ocrx_word' id='word_1_31' title='bbox 695 1203 779 1259; x_wconf 86' lang='lat' dir='ltr'><strong>nobis</strong></span> <span class='ocrx_word' id='word_1_32' title='bbox 798 1214 829 1259; x_wconf 87' lang='lat' dir='ltr'><strong>et</strong></span> <span class='ocrx_word' id='word_1_33' title='bbox 847 1203 1066 1259; x_wconf 85' lang='lat' dir='ltr'><strong>suecessoribus</strong></span> <span class='ocrx_word' id='word_1_34' title='bbox 1086 1204 1195 1259; x_wconf 83' lang='lat' dir='ltr'><strong>nostris</strong></span> <span class='ocrx_word' id='word_1_35' title='bbox 1214 1204 1279 1274; x_wconf 86' lang='lat' dir='ltr'><strong>ipse</strong></span> 
     </span>
     <span class='ocr_line' id='line_1_6' title="bbox 223 1282 1278 1360; baseline 0.004 -23"><span class='ocrx_word' id='word_1_36' title='bbox 223 1294 256 1337; x_wconf 86' lang='lat' dir='ltr'><strong>et</strong></span> <span class='ocrx_word' id='word_1_37' title='bbox 273 1282 408 1341; x_wconf 75' lang='lat' dir='ltr'><strong>haeredes</strong></span> <span class='ocrx_word' id='word_1_38' title='bbox 425 1287 473 1341; x_wconf 87' lang='lat' dir='ltr'><strong>sni</strong></span> <span class='ocrx_word' id='word_1_39' title='bbox 492 1289 623 1360; x_wconf 86' lang='lat' dir='ltr'><strong>quinque</strong></span> <span class='ocrx_word' id='word_1_40' title='bbox 650 1288 759 1344; x_wconf 88' lang='lat' dir='ltr'><strong>solidos</strong></span> <span class='ocrx_word' id='word_1_41' title='bbox 782 1289 899 1359; x_wconf 77' lang='lat' dir='ltr'><strong>argenti</strong></span> <span class='ocrx_word' id='word_1_42' title='bbox 918 1287 956 1343; x_wconf 87' lang='lat' dir='ltr'><strong>ad</strong></span> <span class='ocrx_word' id='word_1_43' title='bbox 977 1289 1087 1343; x_wconf 79' lang='lat' dir='ltr'><strong>festum</strong></span> <span class='ocrx_word' id='word_1_44' title='bbox 1103 1288 1278 1343; x_wconf 74' lang='lat' dir='ltr'><strong>Nativitatis</strong></span> 
     </span>
     <span class='ocr_line' id='line_1_7' title="bbox 223 1368 1281 1446; baseline 0.002 -21"><span class='ocrx_word' id='word_1_45' title='bbox 223 1368 311 1425; x_wconf 79' lang='lat' dir='ltr'><strong>Beati</strong></span> <span class='ocrx_word' id='word_1_46' title='bbox 333 1371 477 1429; x_wconf 72' lang='lat' dir='ltr'><strong>«lobannis</strong></span> <span class='ocrx_word' id='word_1_47' title='bbox 495 1374 639 1446; x_wconf 68' lang='lat' dir='ltr'><strong>Baptista</strong></span> <span class='ocrx_word' id='word_1_48' title='bbox 660 1392 716 1446; x_wconf 84' lang='lat' dir='ltr'><strong>pro</strong></span> <span class='ocrx_word' id='word_1_49' title='bbox 733 1375 813 1429; x_wconf 88' lang='lat' dir='ltr'><strong>omni</strong></span> <span class='ocrx_word' id='word_1_50' title='bbox 837 1375 969 1439; x_wconf 75' lang='lat' dir='ltr'><strong>servitio,</strong></span> <span class='ocrx_word' id='word_1_51' title='bbox 991 1375 1151 1439; x_wconf 76' lang='lat' dir='ltr'>exactione,</span> <span class='ocrx_word' id='word_1_52' title='bbox 1177 1384 1207 1429; x_wconf 87' lang='lat' dir='ltr'><strong>et</strong></span> <span class='ocrx_word' id='word_1_53' title='bbox 1231 1373 1281 1428; x_wconf 87' lang='lat' dir='ltr'><strong>de·</strong></span> 
     </span>
     <span class='ocr_line' id='line_1_8' title="bbox 225 1454 1280 1530; baseline 0.001 -19"><span class='ocrx_word' id='word_1_54' title='bbox 225 1454 341 1519; x_wconf 72' lang='lat' dir='ltr'><strong>nanda.</strong></span> <span class='ocrx_word' id='word_1_55' title='bbox 359 1455 398 1511; x_wconf 79' lang='lat' dir='ltr'><strong>ad</strong></span> <span class='ocrx_word' id='word_1_56' title='bbox 414 1474 468 1512; x_wconf 89' lang='lat' dir='ltr'><strong>uos</strong></span> <span class='ocrx_word' id='word_1_57' title='bbox 493 1458 561 1514; x_wconf 88' lang='lat' dir='ltr'><strong>iude</strong></span> <span class='ocrx_word' id='word_1_58' title='bbox 587 1459 762 1530; x_wconf 81' lang='lat' dir='ltr'>pertinente.</span> <span class='ocrx_word' id='word_1_59' title='bbox 799 1459 839 1514; x_wconf 76' lang='lat' dir='ltr'><strong>Et</strong></span> <span class='ocrx_word' id='word_1_60' title='bbox 863 1460 889 1515; x_wconf 88' lang='lat' dir='ltr'><strong>si</strong></span> <span class='ocrx_word' id='word_1_61' title='bbox 914 1460 1066 1529; x_wconf 82' lang='lat' dir='ltr'><strong>contingat</strong></span> <span class='ocrx_word' id='word_1_62' title='bbox 1089 1459 1201 1514; x_wconf 89' lang='lat' dir='ltr'><strong>dictum</strong></span> <span class='ocrx_word' id='word_1_63' title='bbox 1228 1458 1280 1513; x_wconf 84' lang='lat' dir='ltr'><strong>Jo-</strong></span> 
     </span>
     <span class='ocr_line' id='line_1_9' title="bbox 223 1538 1281 1613; baseline 0.004 -20"><span class='ocrx_word' id='word_1_64' title='bbox 223 1538 360 1603; x_wconf 75' lang='lat' dir='ltr'><strong>ltauuem,</strong></span> <span class='ocrx_word' id='word_1_65' title='bbox 379 1559 433 1596; x_wconf 84' lang='lat' dir='ltr'><strong>seu</strong></span> <span class='ocrx_word' id='word_1_66' title='bbox 450 1541 580 1613; x_wconf 86' lang='lat' dir='ltr'><strong>aliquem</strong></span> <span class='ocrx_word' id='word_1_67' title='bbox 597 1542 748 1597; x_wconf 73' lang='lat' dir='ltr'><strong>haeredum</strong></span> <span class='ocrx_word' id='word_1_68' title='bbox 765 1560 896 1607; x_wconf 87' lang='lat' dir='ltr'><strong>suorum,</strong></span> <span class='ocrx_word' id='word_1_69' title='bbox 915 1543 948 1597; x_wconf 93' lang='lat' dir='ltr'><strong>in</strong></span> <span class='ocrx_word' id='word_1_70' title='bbox 962 1543 1107 1599; x_wconf 87' lang='lat' dir='ltr'><strong>solutione</strong></span> <span class='ocrx_word' id='word_1_71' title='bbox 1124 1542 1197 1598; x_wconf 88' lang='lat' dir='ltr'><strong>dicti</strong></span> <span class='ocrx_word' id='word_1_72' title='bbox 1215 1543 1281 1597; x_wconf 89' lang='lat' dir='ltr'><strong>red·</strong></span> 
     </span>
     <span class='ocr_line' id='line_1_10' title="bbox 224 1621 1280 1683; baseline 0.004 -6"><span class='ocrx_word' id='word_1_73' title='bbox 224 1621 304 1679; x_wconf 82' lang='lat' dir='ltr'><strong>ditus</strong></span> <span class='ocrx_word' id='word_1_74' title='bbox 328 1623 367 1679; x_wconf 85' lang='lat' dir='ltr'><strong>ad</strong></span> <span class='ocrx_word' id='word_1_75' title='bbox 389 1627 548 1681; x_wconf 81' lang='lat' dir='ltr'><strong>terminum</strong></span> <span class='ocrx_word' id='word_1_76' title='bbox 572 1636 716 1682; x_wconf 84' lang='lat' dir='ltr'><strong>statutum</strong></span> <span class='ocrx_word' id='word_1_77' title='bbox 741 1627 865 1683; x_wconf 84' lang='lat' dir='ltr'><strong>deficere</strong></span> <span class='ocrx_word' id='word_1_78' title='bbox 888 1636 950 1682; x_wconf 87' lang='lat' dir='ltr'><strong>tam</strong></span> <span class='ocrx_word' id='word_1_79' title='bbox 979 1644 1060 1683; x_wconf 87' lang='lat' dir='ltr'><strong>certa</strong></span> <span class='ocrx_word' id='word_1_80' title='bbox 1088 1629 1280 1683; x_wconf 78' lang='lat' dir='ltr'><strong>conventione</strong></span> 
     </span>
     <span class='ocr_line' id='line_1_11' title="bbox 224 1706 1279 1783; baseline 0.006 -23"><span class='ocrx_word' id='word_1_81' title='bbox 224 1706 302 1762; x_wconf 79' lang='lat' dir='ltr'><strong>inter</strong></span> <span class='ocrx_word' id='word_1_82' title='bbox 318 1726 372 1764; x_wconf 91' lang='lat' dir='ltr'><strong>uos</strong></span> <span class='ocrx_word' id='word_1_83' title='bbox 391 1710 470 1765; x_wconf 81' lang='lat' dir='ltr'><strong>iacta</strong></span> <span class='ocrx_word' id='word_1_84' title='bbox 490 1729 579 1782; x_wconf 81' lang='lat' dir='ltr'><strong>quam</strong></span> <span class='ocrx_word' id='word_1_85' title='bbox 602 1712 757 1783; x_wconf 72' lang='lat' dir='ltr'><strong>praesentis</strong></span> <span class='ocrx_word' id='word_1_86' title='bbox 778 1706 881 1783; x_wconf 70' lang='lat' dir='ltr'><strong>scripti</strong></span> <span class='ocrx_word' id='word_1_87' title='bbox 898 1720 1009 1775; x_wconf 89' lang='lat' dir='ltr'><strong>tenore,</strong></span> <span class='ocrx_word' id='word_1_88' title='bbox 1032 1710 1111 1765; x_wconf 89' lang='lat' dir='ltr'><strong>idem</strong></span> <span class='ocrx_word' id='word_1_89' title='bbox 1129 1711 1279 1767; x_wconf 87' lang='lat' dir='ltr'><strong>Johannes</strong></span> 
     </span>
     <span class='ocr_line' id='line_1_12' title="bbox 222 1794 1279 1867; baseline 0.004 -22"><span class='ocrx_word' id='word_1_90' title='bbox 222 1794 368 1849; x_wconf 83' lang='lat' dir='ltr'><strong>coueessit</strong></span> <span class='ocrx_word' id='word_1_91' title='bbox 379 1812 433 1865; x_wconf 86' lang='lat' dir='ltr'><strong>pro</strong></span> <span class='ocrx_word' id='word_1_92' title='bbox 445 1813 477 1851; x_wconf 90' lang='lat' dir='ltr'><strong>se</strong></span> <span class='ocrx_word' id='word_1_93' title='bbox 490 1808 520 1850; x_wconf 89' lang='lat' dir='ltr'><strong>ct</strong></span> <span class='ocrx_word' id='word_1_94' title='bbox 537 1795 704 1850; x_wconf 65' lang='lat' dir='ltr'><strong>haeredibus</strong></span> <span class='ocrx_word' id='word_1_95' title='bbox 722 1796 784 1850; x_wconf 86' lang='lat' dir='ltr'><strong>suis</strong></span> <span class='ocrx_word' id='word_1_96' title='bbox 803 1795 882 1866; x_wconf 85' lang='lat' dir='ltr'><strong>qnod</strong></span> <span class='ocrx_word' id='word_1_97' title='bbox 899 1814 952 1851; x_wconf 90' lang='lat' dir='ltr'><strong>nos</strong></span> <span class='ocrx_word' id='word_1_98' title='bbox 970 1794 1144 1867; x_wconf 67' lang='lat' dir='ltr'><strong>praedictum</strong></span> <span class='ocrx_word' id='word_1_99' title='bbox 1163 1808 1279 1866; x_wconf 86' lang='lat' dir='ltr'><strong>pratum</strong></span> 
     </span>
     <span class='ocr_line' id='line_1_13' title="bbox 225 1875 1281 1952; baseline 0.004 -23"><span class='ocrx_word' id='word_1_100' title='bbox 225 1875 257 1929; x_wconf 93' lang='lat' dir='ltr'><strong>iu</strong></span> <span class='ocrx_word' id='word_1_101' title='bbox 275 1894 379 1932; x_wconf 88' lang='lat' dir='ltr'><strong>manus</strong></span> <span class='ocrx_word' id='word_1_102' title='bbox 397 1892 512 1935; x_wconf 83' lang='lat' dir='ltr'><strong>nostras</strong></span> <span class='ocrx_word' id='word_1_103' title='bbox 531 1881 691 1952; x_wconf 86' lang='lat' dir='ltr'><strong>capiamus,</strong></span> <span class='ocrx_word' id='word_1_104' title='bbox 716 1881 906 1943; x_wconf 86' lang='lat' dir='ltr'><strong>retineamus,</strong></span> <span class='ocrx_word' id='word_1_105' title='bbox 934 1896 965 1935; x_wconf 87' lang='lat' dir='ltr'><strong>et</strong></span> <span class='ocrx_word' id='word_1_106' title='bbox 988 1881 1102 1934; x_wconf 78' lang='lat' dir='ltr'><strong>fructus</strong></span> <span class='ocrx_word' id='word_1_107' title='bbox 1128 1881 1222 1950; x_wconf 85' lang='lat' dir='ltr'><strong>ipsius</strong></span> <span class='ocrx_word' id='word_1_108' title='bbox 1251 1881 1281 1933; x_wconf 91' lang='lat' dir='ltr'><strong>in</strong></span> 
     </span>
     <span class='ocr_line' id='line_1_14' title="bbox 225 1963 1280 2036; baseline 0.002 -21"><span class='ocrx_word' id='word_1_109' title='bbox 225 1978 298 2015; x_wconf 80' lang='lat' dir='ltr'><strong>usus</strong></span> <span class='ocrx_word' id='word_1_110' title='bbox 315 1970 431 2018; x_wconf 78' lang='lat' dir='ltr'><strong>nosnos</strong></span> <span class='ocrx_word' id='word_1_111' title='bbox 449 1978 664 2028; x_wconf 71' lang='lat' dir='ltr'><strong>convertamus,</strong></span> <span class='ocrx_word' id='word_1_112' title='bbox 688 1982 840 2036; x_wconf 79' lang='lat' dir='ltr'><strong>quousque</strong></span> <span class='ocrx_word' id='word_1_113' title='bbox 865 1963 949 2019; x_wconf 89' lang='lat' dir='ltr'><strong>nobis</strong></span> <span class='ocrx_word' id='word_1_114' title='bbox 975 1963 1012 2017; x_wconf 93' lang='lat' dir='ltr'><strong>de</strong></span> <span class='ocrx_word' id='word_1_115' title='bbox 1036 1965 1195 2033; x_wconf 74' lang='lat' dir='ltr'><strong>arreragiis</strong></span> <span class='ocrx_word' id='word_1_116' title='bbox 1221 1964 1280 2035; x_wconf 85' lang='lat' dir='ltr'><strong>ple·</strong></span> 
     </span>
     <span class='ocr_line' id='line_1_15' title="bbox 208 2046 1282 2113; baseline 0.004 -15"><span class='ocrx_word' id='word_1_117' title='bbox 208 2062 229 2098; x_wconf 94' lang='lat' dir='ltr'><strong>n</strong></span> <span class='ocrx_word' id='word_1_118' title='bbox 245 2046 308 2100; x_wconf 82' lang='lat' dir='ltr'><strong>arie</strong></span> <span class='ocrx_word' id='word_1_119' title='bbox 326 2046 417 2103; x_wconf 80' lang='lat' dir='ltr'><strong>luerit</strong></span> <span class='ocrx_word' id='word_1_120' title='bbox 440 2049 635 2103; x_wconf 77' lang='lat' dir='ltr'><strong>satisfactum.</strong></span> <span class='ocrx_word' id='word_1_121' title='bbox 673 2048 757 2103; x_wconf 84' lang='lat' dir='ltr'><strong>Idem</strong></span> <span class='ocrx_word' id='word_1_122' title='bbox 779 2066 850 2103; x_wconf 85' lang='lat' dir='ltr'><strong>rero</strong></span> <span class='ocrx_word' id='word_1_123' title='bbox 868 2048 1028 2113; x_wconf 70' lang='lat' dir='ltr'><strong>Johannes</strong></span> <span class='ocrx_word' id='word_1_124' title='bbox 1054 2062 1111 2103; x_wconf 87' lang='lat' dir='ltr'><strong>etc.</strong></span> <span class='ocrx_word' id='word_1_125' title='bbox 1150 2048 1282 2103; x_wconf 84' lang='lat' dir='ltr'><strong>Eundem</strong></span> 
     </span>
     <span class='ocr_line' id='line_1_16' title="bbox 229 2132 585 2199; baseline 0.011 -16"><span class='ocrx_word' id='word_1_126' title='bbox 229 2146 300 2185; x_wconf 78' lang='lat' dir='ltr'><strong>tero</strong></span> <span class='ocrx_word' id='word_1_127' title='bbox 317 2132 516 2199; x_wconf 77' lang='lat' dir='ltr'><strong>securitatem,</strong></span> <span class='ocrx_word' id='word_1_128' title='bbox 529 2142 585 2188; x_wconf 88' lang='lat' dir='ltr'><strong>etc.</strong></span> 
     </span>
    </p>
   </div>
   <div class='ocr_carea' id='block_1_3' title="bbox 374 2301 1136 2389">
    <p class='ocr_par' dir='ltr' id='par_1_4' title="bbox 374 2301 1136 2389">
     <span class='ocr_line' id='line_1_17' title="bbox 374 2301 1136 2389; baseline -0.003 -20"><span class='ocrx_word' id='word_1_129' title='bbox 374 2301 591 2369; x_wconf 74' lang='lat' dir='ltr'><strong>CLXXXVI.</strong></span> <span class='ocrx_word' id='word_1_130' title='bbox 612 2303 662 2370; x_wconf 80' lang='lat' dir='ltr'><strong>De</strong></span> <span class='ocrx_word' id='word_1_131' title='bbox 687 2302 799 2370; x_wconf 73' lang='lat' dir='ltr'><strong>Caluo</strong></span> <span class='ocrx_word' id='word_1_132' title='bbox 824 2302 944 2369; x_wconf 70' lang='lat' dir='ltr'><strong>Sami</strong></span> <span class='ocrx_word' id='word_1_133' title='bbox 966 2302 1136 2389; x_wconf 71' lang='lat' dir='ltr'><strong>sylo-ini.</strong></span> 
     </span>
    </p>
   </div>
   <div class='ocr_carea' id='block_1_4' title="bbox 226 2436 1417 2763">
    <p class='ocr_par' dir='ltr' id='par_1_5' title="bbox 226 2436 1283 2587">
     <span class='ocr_line' id='line_1_18' title="bbox 262 2436 1283 2502; baseline 0.001 -9"><span class='ocrx_word' id='word_1_134' title='bbox 262 2436 431 2493; x_wconf 69' lang='lat' dir='ltr'><strong>willelmus</strong></span> <span class='ocrx_word' id='word_1_135' title='bbox 442 2438 480 2493; x_wconf 87' lang='lat' dir='ltr'><strong>de</strong></span> <span class='ocrx_word' id='word_1_136' title='bbox 492 2438 641 2502; x_wconf 75' lang='lat' dir='ltr'><strong>Pus-nelle,</strong></span> <span class='ocrx_word' id='word_1_137' title='bbox 655 2438 790 2494; x_wconf 89' lang='lat' dir='ltr'><strong>omuibus</strong></span> <span class='ocrx_word' id='word_1_138' title='bbox 806 2438 973 2493; x_wconf 90' lang='lat' dir='ltr'><strong>hominibus</strong></span> <span class='ocrx_word' id='word_1_139' title='bbox 985 2438 1055 2493; x_wconf 88' lang='lat' dir='ltr'><strong>has¹</strong></span> <span class='ocrx_word' id='word_1_140' title='bbox 1073 2438 1189 2493; x_wconf 79' lang='lat' dir='ltr'><strong>litteras</strong></span> <span class='ocrx_word' id='word_1_141' title='bbox 1202 2437 1283 2495; x_wconf 81' lang='lat' dir='ltr'><strong>risu·</strong></span> 
     </span>
     <span class='ocr_line' id='line_1_19' title="bbox 226 2523 647 2587; baseline -0.002 -8"><span class='ocrx_word' id='word_1_142' title='bbox 226 2524 269 2579; x_wconf 87' lang='lat' dir='ltr'><strong>ris</strong></span> <span class='ocrx_word' id='word_1_143' title='bbox 287 2534 319 2578; x_wconf 87' lang='lat' dir='ltr'><strong>et</strong></span> <span class='ocrx_word' id='word_1_144' title='bbox 336 2523 491 2587; x_wconf 83' lang='lat' dir='ltr'><strong>audituris,</strong></span> <span class='ocrx_word' id='word_1_145' title='bbox 510 2523 647 2578; x_wconf 85' lang='lat' dir='ltr'><strong>salutem.</strong></span> 
     </span>
    </p>

    <p class='ocr_par' dir='ltr' id='par_1_6' title="bbox 227 2588 1417 2763">
     <span class='ocr_line' id='line_1_20' title="bbox 262 2588 1406 2704; baseline -0.001 -42"><span class='ocrx_word' id='word_1_146' title='bbox 262 2608 389 2664; x_wconf 69' lang='lat' dir='ltr'><strong>Noverit</strong></span> <span class='ocrx_word' id='word_1_147' title='bbox 405 2609 583 2663; x_wconf 75' lang='lat' dir='ltr'><strong>universitas</strong></span> <span class='ocrx_word' id='word_1_148' title='bbox 594 2616 695 2663; x_wconf 78' lang='lat' dir='ltr'><strong>restra</strong></span> <span class='ocrx_word' id='word_1_149' title='bbox 711 2625 759 2661; x_wconf 90' lang='lat' dir='ltr'><strong>me</strong></span> <span class='ocrx_word' id='word_1_150' title='bbox 773 2606 961 2663; x_wconf 74' lang='lat' dir='ltr'><strong>renunciasse</strong></span> <span class='ocrx_word' id='word_1_151' title='bbox 979 2608 1117 2662; x_wconf 78' lang='lat' dir='ltr'><strong>universo</strong></span> <span class='ocrx_word' id='word_1_152' title='bbox 1125 2606 1188 2678; x_wconf 91' lang='lat' dir='ltr'><strong>juri</strong></span> <span class='ocrx_word' id='word_1_153' title='bbox 1201 2607 1280 2678; x_wconf 87' lang='lat' dir='ltr'><strong>quod</strong></span> <span class='ocrx_word' id='word_1_154' title='bbox 1291 2588 1356 2704; x_wconf 56' lang='lat'>{1⁰¹¹</span> <span class='ocrx_word' id='word_1_155' title='bbox 1368 2588 1406 2677; x_wconf 65' lang='lat' dir='ltr'><strong>S}</strong></span> 
     </span>
     <span class='ocr_line' id='line_1_21' title="bbox 227 2670 1417 2763; baseline 0 -16"><span class='ocrx_word' id='word_1_156' title='bbox 227 2692 317 2747; x_wconf 81' lang='lat' dir='ltr'><strong>habui</strong></span> <span class='ocrx_word' id='word_1_157' title='bbox 335 2694 366 2747; x_wconf 93' lang='lat' dir='ltr'><strong>in</strong></span> <span class='ocrx_word' id='word_1_158' title='bbox 390 2692 516 2747; x_wconf 85' lang='lat' dir='ltr'><strong>ecclesia</strong></span> <span class='ocrx_word' id='word_1_159' title='bbox 536 2691 637 2747; x_wconf 82' lang='lat' dir='ltr'><strong>Sancti</strong></span> <span class='ocrx_word' id='word_1_160' title='bbox 661 2691 790 2763; x_wconf 78' lang='lat' dir='ltr'><strong>Aylrrini</strong></span> <span class='ocrx_word' id='word_1_161' title='bbox 815 2691 852 2746; x_wconf 89' lang='lat' dir='ltr'><strong>de</strong></span> <span class='ocrx_word' id='word_1_162' title='bbox 875 2691 979 2755; x_wconf 80' lang='lat' dir='ltr'><strong>Culus,</strong></span> <span class='ocrx_word' id='word_1_163' title='bbox 1004 2698 1035 2747; x_wconf 86' lang='lat' dir='ltr'><strong>et</strong></span> <span class='ocrx_word' id='word_1_164' title='bbox 1057 2692 1147 2746; x_wconf 87' lang='lat' dir='ltr'><strong>etiam</strong></span> <span class='ocrx_word' id='word_1_165' title='bbox 1171 2693 1280 2747; x_wconf 85' lang='lat' dir='ltr'><strong>instru-</strong></span> <span class='ocrx_word' id='word_1_166' title='bbox 1327 2670 1387 2721; x_wconf 61' lang='lat'><strong>&#39;7&#39;</strong></span> <span class='ocrx_word' id='word_1_167' title='bbox 1396 2670 1417 2706; x_wconf 76' lang='lat'><strong>⁸⁸</strong></span> 
     </span>
    </p>
   </div>
   <div class='ocr_carea' id='block_1_5' title="bbox 228 2774 1282 3100">
    <p class='ocr_par' dir='ltr' id='par_1_7' title="bbox 228 2774 1281 3001">
     <span class='ocr_line' id='line_1_22' title="bbox 228 2774 1279 2849; baseline -0.002 -18"><span class='ocrx_word' id='word_1_168' title='bbox 228 2778 336 2831; x_wconf 81' lang='lat' dir='ltr'><strong>mentis</strong></span> <span class='ocrx_word' id='word_1_169' title='bbox 354 2795 421 2849; x_wconf 80' lang='lat' dir='ltr'><strong>quse</strong></span> <span class='ocrx_word' id='word_1_170' title='bbox 438 2777 477 2831; x_wconf 83' lang='lat' dir='ltr'><strong>de</strong></span> <span class='ocrx_word' id='word_1_171' title='bbox 496 2775 599 2831; x_wconf 84' lang='lat' dir='ltr'><strong>eadem</strong></span> <span class='ocrx_word' id='word_1_172' title='bbox 617 2776 744 2831; x_wconf 89' lang='lat' dir='ltr'><strong>ecelesia</strong></span> <span class='ocrx_word' id='word_1_173' title='bbox 760 2784 790 2830; x_wconf 85' lang='lat' dir='ltr'><strong>et</strong></span> <span class='ocrx_word' id='word_1_174' title='bbox 808 2775 845 2830; x_wconf 87' lang='lat' dir='ltr'><strong>de</strong></span> <span class='ocrx_word' id='word_1_175' title='bbox 863 2776 975 2830; x_wconf 73' lang='lat' dir='ltr'><strong>vicaria</strong></span> <span class='ocrx_word' id='word_1_176' title='bbox 985 2774 1118 2831; x_wconf 82' lang='lat' dir='ltr'><strong>ecclesiae</strong></span> <span class='ocrx_word' id='word_1_177' title='bbox 1130 2775 1167 2829; x_wconf 86' lang='lat' dir='ltr'><strong>de</strong></span> <span class='ocrx_word' id='word_1_178' title='bbox 1179 2775 1279 2847; x_wconf 76' lang='lat' dir='ltr'><strong>Kyne-</strong></span> 
     </span>
     <span class='ocr_line' id='line_1_23' title="bbox 229 2860 1281 2932; baseline -0.002 -17"><span class='ocrx_word' id='word_1_179' title='bbox 229 2860 395 2916; x_wconf 82' lang='lat' dir='ltr'><strong>mereforde</strong></span> <span class='ocrx_word' id='word_1_180' title='bbox 412 2860 512 2924; x_wconf 85' lang='lat' dir='ltr'><strong>habui,</strong></span> <span class='ocrx_word' id='word_1_181' title='bbox 537 2878 574 2915; x_wconf 90' lang='lat' dir='ltr'><strong>ue</strong></span> <span class='ocrx_word' id='word_1_182' title='bbox 597 2860 635 2914; x_wconf 88' lang='lat' dir='ltr'><strong>de</strong></span> <span class='ocrx_word' id='word_1_183' title='bbox 659 2872 766 2915; x_wconf 73' lang='lat' dir='ltr'><strong>caetero</strong></span> <span class='ocrx_word' id='word_1_184' title='bbox 790 2862 822 2914; x_wconf 89' lang='lat' dir='ltr'><strong>in</strong></span> <span class='ocrx_word' id='word_1_185' title='bbox 844 2860 1050 2932; x_wconf 74' lang='lat' dir='ltr'><strong>praejudicium</strong></span> <span class='ocrx_word' id='word_1_186' title='bbox 1073 2860 1281 2914; x_wconf 90' lang='lat' dir='ltr'><strong>monachorum</strong></span> 
     </span>
     <span class='ocr_line' id='line_1_24' title="bbox 228 2944 708 3001; baseline -0.002 -1"><span class='ocrx_word' id='word_1_187' title='bbox 228 2944 423 3001; x_wconf 75' lang='lat' dir='ltr'><strong>Glouccstriae</strong></span> <span class='ocrx_word' id='word_1_188' title='bbox 440 2944 532 3000; x_wconf 90' lang='lat' dir='ltr'><strong>robur</strong></span> <span class='ocrx_word' id='word_1_189' title='bbox 548 2945 708 3000; x_wconf 84' lang='lat' dir='ltr'><strong>obtineant.</strong></span> 
     </span>
    </p>

    <p class='ocr_par' dir='ltr' id='par_1_8' title="bbox 264 3027 1282 3100">
     <span class='ocr_line' id='line_1_25' title="bbox 264 3027 1282 3100; baseline 0.001 -17"><span class='ocrx_word' id='word_1_190' title='bbox 264 3029 304 3084; x_wconf 79' lang='lat' dir='ltr'><strong>Et</strong></span> <span class='ocrx_word' id='word_1_191' title='bbox 326 3030 358 3084; x_wconf 93' lang='lat' dir='ltr'><strong>in</strong></span> <span class='ocrx_word' id='word_1_192' title='bbox 381 3030 470 3100; x_wconf 86' lang='lat' dir='ltr'><strong>hujus</strong></span> <span class='ocrx_word' id='word_1_193' title='bbox 494 3030 723 3085; x_wconf 80' lang='lat' dir='ltr'><strong>rentmciationis</strong></span> <span class='ocrx_word' id='word_1_194' title='bbox 750 3029 952 3085; x_wconf 85' lang='lat' dir='ltr'><strong>testimonium</strong></span> <span class='ocrx_word' id='word_1_195' title='bbox 970 3027 1042 3083; x_wconf 90' lang='lat' dir='ltr'><strong>has¹</strong></span> <span class='ocrx_word' id='word_1_196' title='bbox 1060 3028 1175 3083; x_wconf 86' lang='lat' dir='ltr'><strong>litteras</strong></span> <span class='ocrx_word' id='word_1_197' title='bbox 1201 3046 1282 3084; x_wconf 88' lang='lat' dir='ltr'><strong>meas</strong></span> 
     </span>
    </p>
   </div>
   <div class='ocr_carea' id='block_1_6' title="bbox 229 3117 565 3187">
    <p class='ocr_par' dir='ltr' id='par_1_9' title="bbox 229 3117 565 3187">
     <span class='ocr_line' id='line_1_26' title="bbox 229 3117 565 3187; baseline 0 -16"><span class='ocrx_word' id='word_1_198' title='bbox 229 3128 361 3187; x_wconf 80' lang='lat' dir='ltr'><strong>patentes</strong></span> <span class='ocrx_word' id='word_1_199' title='bbox 380 3117 424 3171; x_wconf 87' lang='lat' dir='ltr'><strong>eis</strong></span> <span class='ocrx_word' id='word_1_200' title='bbox 442 3117 565 3171; x_wconf 79' lang='lat' dir='ltr'><strong>conieci.</strong></span> 
     </span>
    </p>
   </div>
   <div class='ocr_carea' id='block_1_7' title="bbox 519 3288 991 3356">
    <p class='ocr_par' dir='ltr' id='par_1_10' title="bbox 519 3288 991 3356">
     <span class='ocr_line' id='line_1_27' title="bbox 519 3288 991 3356; baseline 0 -1"><span class='ocrx_word' id='word_1_201' title='bbox 519 3288 753 3355; x_wconf 76' lang='lat' dir='ltr'>CLXXXVIL</span> <span class='ocrx_word' id='word_1_202' title='bbox 785 3288 991 3356; x_wconf 68' lang='lat' dir='ltr'><strong>C&#39;eetertooe?</strong></span> 
     </span>
    </p>
   </div>
   <div class='ocr_carea' id='block_1_8' title="bbox 228 3414 1286 4501">
    <p class='ocr_par' dir='ltr' id='par_1_11' title="bbox 228 3414 1284 3658">
     <span class='ocr_line' id='line_1_28' title="bbox 264 3414 1282 3473; baseline -0.004 0"><span class='ocrx_word' id='word_1_203' title='bbox 264 3418 349 3473; x_wconf 77' lang='lat' dir='ltr'><strong>Viris</strong></span> <span class='ocrx_word' id='word_1_204' title='bbox 375 3416 593 3472; x_wconf 76' lang='lat' dir='ltr'><strong>venerabilibus</strong></span> <span class='ocrx_word' id='word_1_205' title='bbox 620 3415 736 3472; x_wconf 85' lang='lat' dir='ltr'><strong>domnis</strong></span> <span class='ocrx_word' id='word_1_206' title='bbox 760 3417 922 3473; x_wconf 85' lang='lat' dir='ltr'><strong>carissimis</strong></span> <span class='ocrx_word' id='word_1_207' title='bbox 949 3416 1048 3472; x_wconf 83' lang='lat' dir='ltr'><strong>abbati</strong></span> <span class='ocrx_word' id='word_1_208' title='bbox 1072 3424 1103 3473; x_wconf 86' lang='lat' dir='ltr'><strong>et</strong></span> <span class='ocrx_word' id='word_1_209' title='bbox 1126 3414 1282 3472; x_wconf 76' lang='lat' dir='ltr'><strong>couventui</strong></span> 
     </span>
     <span class='ocr_line' id='line_1_29' title="bbox 230 3500 1284 3566; baseline -0.004 -9"><span class='ocrx_word' id='word_1_210' title='bbox 230 3501 332 3557; x_wconf 86' lang='lat' dir='ltr'><strong>Sancti</strong></span> <span class='ocrx_word' id='word_1_211' title='bbox 358 3500 441 3557; x_wconf 88' lang='lat' dir='ltr'><strong>Petri</strong></span> <span class='ocrx_word' id='word_1_212' title='bbox 466 3500 669 3566; x_wconf 85' lang='lat' dir='ltr'><strong>Glaucestriae,</strong></span> <span class='ocrx_word' id='word_1_213' title='bbox 691 3502 815 3557; x_wconf 75' lang='lat' dir='ltr'><strong>devotus</strong></span> <span class='ocrx_word' id='word_1_214' title='bbox 839 3520 941 3557; x_wconf 89' lang='lat' dir='ltr'><strong>eorum</strong></span> <span class='ocrx_word' id='word_1_215' title='bbox 966 3501 1092 3556; x_wconf 86' lang='lat' dir='ltr'><strong>clericus</strong></span> <span class='ocrx_word' id='word_1_216' title='bbox 1115 3500 1284 3555; x_wconf 83' lang='lat' dir='ltr'><strong>Alexander</strong></span> 
     </span>
     <span class='ocr_line' id='line_1_30' title="bbox 228 3585 1245 3658; baseline -0.003 -17"><span class='ocrx_word' id='word_1_217' title='bbox 228 3586 265 3641; x_wconf 74' lang='lat' dir='ltr'><strong>tle</strong></span> <span class='ocrx_word' id='word_1_218' title='bbox 284 3586 400 3642; x_wconf 76' lang='lat' dir='ltr'><strong>chrel</strong></span> <span class='ocrx_word' id='word_1_219' title='bbox 413 3586 548 3651; x_wconf 86' lang='lat' dir='ltr'><strong>salntem,</strong></span> <span class='ocrx_word' id='word_1_220' title='bbox 568 3594 599 3642; x_wconf 86' lang='lat' dir='ltr'><strong>et</strong></span> <span class='ocrx_word' id='word_1_221' title='bbox 615 3604 648 3641; x_wconf 88' lang='lat' dir='ltr'><strong>se</strong></span> <span class='ocrx_word' id='word_1_222' title='bbox 666 3598 833 3658; x_wconf 86' lang='lat' dir='ltr'><strong>promptum</strong></span> <span class='ocrx_word' id='word_1_223' title='bbox 851 3585 889 3641; x_wconf 82' lang='lat' dir='ltr'><strong>ad</strong></span> <span class='ocrx_word' id='word_1_224' title='bbox 906 3586 1045 3641; x_wconf 75' lang='lat' dir='ltr'><strong>devotum</strong></span> <span class='ocrx_word' id='word_1_225' title='bbox 1062 3586 1245 3656; x_wconf 85' lang='lat' dir='ltr'><strong>obsequium.</strong></span> 
     </span>
    </p>

    <p class='ocr_par' dir='ltr' id='par_1_12' title="bbox 228 3668 1286 4501">
     <span class='ocr_line' id='line_1_31' title="bbox 265 3668 1285 3726; baseline -0.002 -1"><span class='ocrx_word' id='word_1_226' title='bbox 265 3670 460 3726; x_wconf 75' lang='lat' dir='ltr'><strong>[niteraitati</strong></span> <span class='ocrx_word' id='word_1_227' title='bbox 476 3684 584 3726; x_wconf 73' lang='lat' dir='ltr'><strong>vestrm</strong></span> <span class='ocrx_word' id='word_1_228' title='bbox 608 3682 709 3726; x_wconf 90' lang='lat' dir='ltr'><strong>uotum</strong></span> <span class='ocrx_word' id='word_1_229' title='bbox 728 3672 804 3725; x_wconf 78' lang='lat' dir='ltr'><strong>facio</strong></span> <span class='ocrx_word' id='word_1_230' title='bbox 830 3688 877 3725; x_wconf 91' lang='lat' dir='ltr'><strong>me</strong></span> <span class='ocrx_word' id='word_1_231' title='bbox 901 3671 1081 3725; x_wconf 85' lang='lat' dir='ltr'><strong>concessisse</strong></span> <span class='ocrx_word' id='word_1_232' title='bbox 1105 3669 1211 3724; x_wconf 89' lang='lat' dir='ltr'><strong>domno</strong></span> <span class='ocrx_word' id='word_1_233' title='bbox 1234 3668 1285 3723; x_wconf 88' lang='lat' dir='ltr'><strong>ab·</strong></span> 
     </span>
     <span class='ocr_line' id='line_1_32' title="bbox 229 3753 1284 3827; baseline -0.004 -16"><span class='ocrx_word' id='word_1_234' title='bbox 229 3755 291 3811; x_wconf 82' lang='lat' dir='ltr'><strong>bati</strong></span> <span class='ocrx_word' id='word_1_235' title='bbox 311 3766 342 3810; x_wconf 87' lang='lat' dir='ltr'><strong>et</strong></span> <span class='ocrx_word' id='word_1_236' title='bbox 358 3756 515 3811; x_wconf 75' lang='lat' dir='ltr'><strong>conventui</strong></span> <span class='ocrx_word' id='word_1_237' title='bbox 527 3754 670 3827; x_wconf 72' lang='lat' dir='ltr'><strong>Oseneye,</strong></span> <span class='ocrx_word' id='word_1_238' title='bbox 690 3755 875 3827; x_wconf 87' lang='lat' dir='ltr'><strong>quantumin</strong></span> <span class='ocrx_word' id='word_1_239' title='bbox 892 3772 940 3809; x_wconf 88' lang='lat' dir='ltr'><strong>me</strong></span> <span class='ocrx_word' id='word_1_240' title='bbox 956 3764 1012 3819; x_wconf 85' lang='lat' dir='ltr'><strong>est,</strong></span> <span class='ocrx_word' id='word_1_241' title='bbox 1031 3753 1171 3826; x_wconf 86' lang='lat' dir='ltr'><strong>quamdiu</strong></span> <span class='ocrx_word' id='word_1_242' title='bbox 1183 3754 1284 3808; x_wconf 70' lang='lat' dir='ltr'><strong>rixero</strong></span> 
     </span>
     <span class='ocr_line' id='line_1_33' title="bbox 229 3838 1285 3910; baseline 0 -16"><span class='ocrx_word' id='word_1_243' title='bbox 229 3838 360 3895; x_wconf 78' lang='lat' dir='ltr'><strong>decimas</strong></span> <span class='ocrx_word' id='word_1_244' title='bbox 381 3838 449 3893; x_wconf 85' lang='lat' dir='ltr'><strong>illas</strong></span> <span class='ocrx_word' id='word_1_245' title='bbox 467 3839 504 3894; x_wconf 88' lang='lat' dir='ltr'><strong>de</strong></span> <span class='ocrx_word' id='word_1_246' title='bbox 525 3838 718 3895; x_wconf 86' lang='lat' dir='ltr'><strong>Cestreutoue</strong></span> <span class='ocrx_word' id='word_1_247' title='bbox 737 3857 810 3910; x_wconf 86' lang='lat' dir='ltr'><strong>quas</strong></span> <span class='ocrx_word' id='word_1_248' title='bbox 830 3838 904 3893; x_wconf 91' lang='lat' dir='ltr'><strong>mihi</strong></span> <span class='ocrx_word' id='word_1_249' title='bbox 924 3839 1016 3894; x_wconf 75' lang='lat' dir='ltr'><strong>vestri</strong></span> <span class='ocrx_word' id='word_1_250' title='bbox 1040 3838 1139 3909; x_wconf 77' lang='lat' dir='ltr'><strong>gratia</strong></span> <span class='ocrx_word' id='word_1_251' title='bbox 1161 3838 1285 3894; x_wconf 84' lang='lat' dir='ltr'><strong>contulit</strong></span> 
     </span>
     <span class='ocr_line' id='line_1_34' title="bbox 228 3922 1284 3994; baseline 0 -17"><span class='ocrx_word' id='word_1_252' title='bbox 228 3923 391 3978; x_wconf 84' lang='lat' dir='ltr'><strong>liberalitas</strong></span> <span class='ocrx_word' id='word_1_253' title='bbox 415 3930 532 3988; x_wconf 82' lang='lat' dir='ltr'><strong>restra;</strong></span> <span class='ocrx_word' id='word_1_254' title='bbox 557 3924 639 3979; x_wconf 76' lang='lat' dir='ltr'><strong>salto</strong></span> <span class='ocrx_word' id='word_1_255' title='bbox 657 3924 688 3977; x_wconf 94' lang='lat' dir='ltr'><strong>iu</strong></span> <span class='ocrx_word' id='word_1_256' title='bbox 705 3922 841 3978; x_wconf 87' lang='lat' dir='ltr'><strong>omnibus</strong></span> <span class='ocrx_word' id='word_1_257' title='bbox 864 3924 933 3994; x_wconf 88' lang='lat' dir='ltr'><strong>jure</strong></span> <span class='ocrx_word' id='word_1_258' title='bbox 957 3922 1090 3977; x_wconf 71' lang='lat' dir='ltr'><strong>ecclesiae</strong></span> <span class='ocrx_word' id='word_1_259' title='bbox 1116 3929 1223 3977; x_wconf 78' lang='lat' dir='ltr'><strong>restrae</strong></span> <span class='ocrx_word' id='word_1_260' title='bbox 1247 3922 1284 3977; x_wconf 87' lang='lat' dir='ltr'><strong>de</strong></span> 
     </span>
     <span class='ocr_line' id='line_1_35' title="bbox 230 4006 1284 4078; baseline -0.001 -15"><span class='ocrx_word' id='word_1_261' title='bbox 230 4008 419 4064; x_wconf 83' lang='lat' dir='ltr'><strong>Gloucestria</strong></span> <span class='ocrx_word' id='word_1_262' title='bbox 435 4020 467 4064; x_wconf 86' lang='lat' dir='ltr'><strong>et</strong></span> <span class='ocrx_word' id='word_1_263' title='bbox 489 4008 681 4064; x_wconf 86' lang='lat' dir='ltr'><strong>indemnitate</strong></span> <span class='ocrx_word' id='word_1_264' title='bbox 703 4008 780 4063; x_wconf 81' lang='lat' dir='ltr'><strong>unde</strong></span> <span class='ocrx_word' id='word_1_265' title='bbox 799 4020 911 4063; x_wconf 74' lang='lat' dir='ltr'><strong>canam</strong></span> <span class='ocrx_word' id='word_1_266' title='bbox 935 4007 1055 4061; x_wconf 89' lang='lat' dir='ltr'><strong>illorum</strong></span> <span class='ocrx_word' id='word_1_267' title='bbox 1079 4018 1110 4062; x_wconf 83' lang='lat' dir='ltr'><strong>et</strong></span> <span class='ocrx_word' id='word_1_268' title='bbox 1133 4006 1284 4078; x_wconf 89' lang='lat' dir='ltr'><strong>publicum</strong></span> 
     </span>
     <span class='ocr_line' id='line_1_36' title="bbox 230 4090 1285 4163; baseline 0 -17"><span class='ocrx_word' id='word_1_269' title='bbox 230 4092 460 4147; x_wconf 82' lang='lat' dir='ltr'><strong>instrumentum</strong></span> <span class='ocrx_word' id='word_1_270' title='bbox 478 4110 567 4163; x_wconf 85' lang='lat' dir='ltr'><strong>super</strong></span> <span class='ocrx_word' id='word_1_271' title='bbox 584 4093 639 4148; x_wconf 89' lang='lat' dir='ltr'><strong>hoc</strong></span> <span class='ocrx_word' id='word_1_272' title='bbox 659 4091 763 4146; x_wconf 88' lang='lat' dir='ltr'><strong>habeo.</strong></span> <span class='ocrx_word' id='word_1_273' title='bbox 802 4090 850 4145; x_wconf 87' lang='lat' dir='ltr'><strong>Ita</strong></span> <span class='ocrx_word' id='word_1_274' title='bbox 868 4090 947 4162; x_wconf 89' lang='lat' dir='ltr'><strong>quod</strong></span> <span class='ocrx_word' id='word_1_275' title='bbox 964 4091 1036 4145; x_wconf 91' lang='lat' dir='ltr'><strong>dicti</strong></span> <span class='ocrx_word' id='word_1_276' title='bbox 1055 4090 1144 4145; x_wconf 82' lang='lat' dir='ltr'><strong>abbas</strong></span> <span class='ocrx_word' id='word_1_277' title='bbox 1164 4102 1194 4146; x_wconf 90' lang='lat' dir='ltr'><strong>et</strong></span> <span class='ocrx_word' id='word_1_278' title='bbox 1218 4110 1285 4146; x_wconf 92' lang='lat' dir='ltr'><strong>con·</strong></span> 
     </span>
     <span class='ocr_line' id='line_1_37' title="bbox 229 4174 1284 4232; baseline 0.001 -3"><span class='ocrx_word' id='word_1_279' title='bbox 229 4188 335 4232; x_wconf 78' lang='lat' dir='ltr'><strong>ventus</strong></span> <span class='ocrx_word' id='word_1_280' title='bbox 353 4177 471 4231; x_wconf 89' lang='lat' dir='ltr'><strong>nomine</strong></span> <span class='ocrx_word' id='word_1_281' title='bbox 487 4193 554 4230; x_wconf 91' lang='lat' dir='ltr'><strong>meo</strong></span> <span class='ocrx_word' id='word_1_282' title='bbox 571 4174 655 4230; x_wconf 76' lang='lat' dir='ltr'><strong>robis</strong></span> <span class='ocrx_word' id='word_1_283' title='bbox 682 4175 798 4230; x_wconf 75' lang='lat' dir='ltr'><strong>solvent</strong></span> <span class='ocrx_word' id='word_1_284' title='bbox 816 4175 966 4229; x_wconf 87' lang='lat' dir='ltr'><strong>annuatim</strong></span> <span class='ocrx_word' id='word_1_285' title='bbox 984 4174 1136 4229; x_wconf 88' lang='lat' dir='ltr'><strong>dimidiam</strong></span> <span class='ocrx_word' id='word_1_286' title='bbox 1155 4193 1284 4230; x_wconf 87' lang='lat' dir='ltr'><strong>marcam</strong></span> 
     </span>
     <span class='ocr_line' id='line_1_38' title="bbox 230 4258 1283 4332; baseline -0.001 -17"><span class='ocrx_word' id='word_1_287' title='bbox 230 4278 319 4332; x_wconf 87' lang='lat' dir='ltr'><strong>quam</strong></span> <span class='ocrx_word' id='word_1_288' title='bbox 337 4259 421 4315; x_wconf 84' lang='lat' dir='ltr'><strong>robis</strong></span> <span class='ocrx_word' id='word_1_289' title='bbox 440 4260 554 4315; x_wconf 75' lang='lat' dir='ltr'><strong>solvere</strong></span> <span class='ocrx_word' id='word_1_290' title='bbox 566 4276 620 4330; x_wconf 86' lang='lat' dir='ltr'><strong>per</strong></span> <span class='ocrx_word' id='word_1_291' title='bbox 631 4277 751 4313; x_wconf 89' lang='lat' dir='ltr'><strong>manum</strong></span> <span class='ocrx_word' id='word_1_292' title='bbox 764 4276 858 4313; x_wconf 89' lang='lat' dir='ltr'><strong>meam</strong></span> <span class='ocrx_word' id='word_1_293' title='bbox 874 4260 1014 4313; x_wconf 78' lang='lat' dir='ltr'><strong>consueti</strong></span> <span class='ocrx_word' id='word_1_294' title='bbox 1031 4267 1061 4313; x_wconf 85' lang='lat' dir='ltr'><strong>et</strong></span> <span class='ocrx_word' id='word_1_295' title='bbox 1081 4258 1154 4313; x_wconf 91' lang='lat' dir='ltr'><strong>mihi</strong></span> <span class='ocrx_word' id='word_1_296' title='bbox 1170 4260 1283 4314; x_wconf 86' lang='lat' dir='ltr'><strong>firmam</strong></span> 
     </span>
     <span class='ocr_line' id='line_1_39' title="bbox 230 4343 1284 4417; baseline -0.003 -16"><span class='ocrx_word' id='word_1_297' title='bbox 230 4346 382 4402; x_wconf 83' lang='lat' dir='ltr'><strong>annuatim</strong></span> <span class='ocrx_word' id='word_1_298' title='bbox 400 4347 477 4402; x_wconf 89' lang='lat' dir='ltr'><strong>inter</strong></span> <span class='ocrx_word' id='word_1_299' title='bbox 494 4363 548 4400; x_wconf 90' lang='lat' dir='ltr'><strong>nos</strong></span> <span class='ocrx_word' id='word_1_300' title='bbox 565 4345 724 4417; x_wconf 77' lang='lat' dir='ltr'><strong>provisam.</strong></span> <span class='ocrx_word' id='word_1_301' title='bbox 760 4343 809 4399; x_wconf 76' lang='lat' dir='ltr'><strong>lie</strong></span> <span class='ocrx_word' id='word_1_302' title='bbox 828 4344 924 4414; x_wconf 76' lang='lat' dir='ltr'><strong>igitur</strong></span> <span class='ocrx_word' id='word_1_303' title='bbox 943 4344 1060 4416; x_wconf 69' lang='lat' dir='ltr'><strong>praelati</strong></span> <span class='ocrx_word' id='word_1_304' title='bbox 1077 4345 1176 4400; x_wconf 82' lang='lat' dir='ltr'><strong>domni</strong></span> <span class='ocrx_word' id='word_1_305' title='bbox 1194 4345 1284 4399; x_wconf 85' lang='lat' dir='ltr'><strong>abbas</strong></span> 
     </span>
     <span class='ocr_line' id='line_1_40' title="bbox 229 4428 1286 4501; baseline -0.005 -14"><span class='ocrx_word' id='word_1_306' title='bbox 229 4440 262 4487; x_wconf 79' lang='lat' dir='ltr'><strong>et</strong></span> <span class='ocrx_word' id='word_1_307' title='bbox 277 4438 439 4487; x_wconf 79' lang='lat' dir='ltr'><strong>conventus</strong></span> <span class='ocrx_word' id='word_1_308' title='bbox 456 4430 536 4486; x_wconf 83' lang='lat' dir='ltr'><strong>cirea</strong></span> <span class='ocrx_word' id='word_1_309' title='bbox 552 4429 780 4501; x_wconf 78' lang='lat' dir='ltr'><strong>perpetuitatem</strong></span> <span class='ocrx_word' id='word_1_310' title='bbox 802 4446 890 4499; x_wconf 88' lang='lat' dir='ltr'><strong>quam</strong></span> <span class='ocrx_word' id='word_1_311' title='bbox 909 4447 928 4483; x_wconf 91' lang='lat' dir='ltr'><strong>a</strong></span> <span class='ocrx_word' id='word_1_312' title='bbox 944 4428 1028 4483; x_wconf 88' lang='lat' dir='ltr'><strong>nobis</strong></span> <span class='ocrx_word' id='word_1_313' title='bbox 1046 4446 1135 4501; x_wconf 84' lang='lat' dir='ltr'><strong>super</strong></span> <span class='ocrx_word' id='word_1_314' title='bbox 1149 4430 1192 4483; x_wconf 89' lang='lat' dir='ltr'><strong>eis</strong></span> <span class='ocrx_word' id='word_1_315' title='bbox 1210 4429 1286 4483; x_wconf 80' lang='lat' dir='ltr'><strong>obti-</strong></span> 
     </span>
    </p>
   </div>
   <div class='ocr_carea' id='block_1_9' title="bbox 1013 4564 1260 4573">
    <p class='ocr_par' dir='ltr' id='par_1_13' title="bbox 1013 4564 1260 4573">
     <span class='ocr_line' id='line_1_41' title="bbox 1013 4564 1260 4573; baseline -0.004 -2"><span class='ocrx_word' id='word_1_316' title='bbox 1013 4564 1260 4573; x_wconf 74' lang='lat'>——.-—.--—...</span> 
     </span>
    </p>
   </div>
   <div class='ocr_carea' id='block_1_10' title="bbox 363 4633 1196 4854">
    <p class='ocr_par' dir='ltr' id='par_1_14' title="bbox 363 4633 1196 4854">
     <span class='ocr_line' id='line_1_42' title="bbox 363 4633 606 4701; baseline 0 -16"><span class='ocrx_word' id='word_1_317' title='bbox 363 4633 606 4701; x_wconf 67' lang='grc' dir='ltr'><strong>ιιω]ιω,ιιει</strong></span> 
     </span>
     <span class='ocr_line' id='line_1_43' title="bbox 363 4711 1097 4777; baseline 0 -14"><span class='ocrx_word' id='word_1_318' title='bbox 363 4711 1097 4777; x_wconf 72' lang='lat' dir='ltr'><strong>²1ntnemrgtnhmirimerauthmrd“osne5.”</strong></span> 
     </span>
     <span class='ocr_line' id='line_1_44' title="bbox 1173 4807 1196 4854; baseline 0 0"><span class='ocrx_word' id='word_1_319' title='bbox 1173 4807 1196 4854; x_wconf 85' lang='grc' dir='ltr'><strong>ιι</strong></span> 
     </span>
    </p>
   </div>
   <div class='ocr_carea' id='block_1_11' title="bbox 1292 2452 1430 2573">
    <p class='ocr_par' dir='ltr' id='par_1_15' title="bbox 1292 2452 1430 2573">
     <span class='ocr_line' id='line_1_45' title="bbox 1293 2452 1383 2504; baseline 0.011 -1"><span class='ocrx_word' id='word_1_320' title='bbox 1293 2452 1383 2504; x_wconf 75' lang='lat' dir='ltr'><strong>orne</strong></span> 
     </span>
     <span class='ocr_line' id='line_1_46' title="bbox 1292 2520 1430 2573; baseline 0.029 -4"><span class='ocrx_word' id='word_1_321' title='bbox 1292 2520 1387 2571; x_wconf 78' lang='lat' dir='ltr'><strong>ehurclt</strong></span> <span class='ocrx_word' id='word_1_322' title='bbox 1398 2520 1430 2573; x_wconf 77' lang='lat' dir='ltr'><strong>ot</strong></span> 
     </span>
    </p>
   </div>
   <div class='ocr_carea' id='block_1_12' title="bbox 1293 3030 1389 3084">
    <p class='ocr_par' dir='ltr' id='par_1_16' title="bbox 1293 3030 1389 3084">
     <span class='ocr_line' id='line_1_47' title="bbox 1293 3030 1389 3084; baseline -0.01 0"><span class='ocrx_word' id='word_1_323' title='bbox 1293 3030 1389 3084; x_wconf 72' lang='lat' dir='ltr'><strong>teth.</strong></span> 
     </span>
    </p>
   </div>
   <div class='ocr_carea' id='block_1_13' title="bbox 1293 3412 1453 3605">
    <p class='ocr_par' dir='ltr' id='par_1_17' title="bbox 1293 3412 1453 3605">
     <span class='ocr_line' id='line_1_48' title="bbox 1294 3412 1384 3465; baseline -0.011 0"><span class='ocrx_word' id='word_1_324' title='bbox 1294 3412 1384 3465; x_wconf 71' lang='lat' dir='ltr'><strong>ostie</strong></span> 
     </span>
     <span class='ocr_line' id='line_1_49' title="bbox 1293 3481 1414 3532; baseline 0.025 -3"><span class='ocrx_word' id='word_1_325' title='bbox 1293 3481 1414 3532; x_wconf 75' lang='lat' dir='ltr'><strong>titheaos</strong></span> 
     </span>
     <span class='ocr_line' id='line_1_50' title="bbox 1293 3545 1453 3605; baseline 0.038 -7"><span class='ocrx_word' id='word_1_326' title='bbox 1293 3545 1453 3605; x_wconf 59' lang='grc' dir='ltr'><strong>(ΜΕΝ.</strong></span> 
     </span>
    </p>
   </div>
   <div class='ocr_carea' id='block_1_14' title="bbox 0 0 1585 5610">
    <p class='ocr_par' dir='ltr' id='par_1_18' title="bbox 0 0 1585 5610">
     <span class='ocr_line' id='line_1_51' title="bbox 0 0 1585 5610; baseline 0 0"><span class='ocrx_word' id='word_1_327' title='bbox 0 0 1585 5610; x_wconf 95' lang='lat' dir='ltr'><strong> </strong></span> 
     </span>
    </p>
   </div>
  </div>
 </body>
</html>
