3158 5610
374 710 440 771 252
662 720 909 770 esir'rumnnni
931 722 1142 772 riosnsrsau

373 897 510 960 decimas,
523 915 581 961 res,
595 902 626 951 et
637 897 833 968 pissessiones
846 897 963 951 easdem
975 915 1028 968 per
1036 896 1283 969 praedecessorem
1294 906 1433 955 noenum

373 981 561 1052 saepedictum
580 987 610 1036 et
636 982 799 1052 capitulum
816 988 948 1036 nostrum
970 983 1106 1054 superius
1132 1001 1296 1047 concessas,
1316 984 1433 1039 eisdem

372 1067 519 1135 religiosis
538 1073 568 1120 et
586 1085 685 1120 eorum
705 1067 922 1121 suecessoribus
940 1067 1045 1122 iterate
1062 1068 1259 1132 concedimus,
1280 1087 1335 1140 pre
1346 1069 1432 1124 nobis

373 1156 403 1205 et
420 1151 637 1205 successoribus
651 1151 775 1215 nostris3
789 1151 936 1205 habendas
956 1150 1111 1222 perpetue¹
1131 1158 1161 1207 et
1173 1152 1387 1222 possidendam
1400 1160 1433 1208 et

372 1254 448 1288 oraio
461 1241 491 1289 et
508 1236 590 1305 prius
609 1253 760 1289 concessas
779 1241 857 1289 ratas
875 1236 1015 1289 habentes
1028 1237 1242 1301 confirmamus,
1256 1242 1287 1291 et
1298 1256 1431 1308 praesens

372 1322 514 1389 scriptura
533 1319 625 1390 sigilli
644 1319 736 1373 nestri
755 1328 785 1373 et
796 1319 917 1390 capituli
935 1319 1026 1373 nostri
1046 1321 1225 1391 appositione
1243 1321 1428 1377 roboramus.

372 1402 477 1457 (lauria
494 1403 646 1473 praemissa
663 1403 837 1489 concedente
855 1410 884 1459 et
908 1404 1070 1461 ratifieante
1089 1410 1149 1460 teto
1173 1404 1304 1477 capitulo
1328 1412 1430 1462 nostro

372 1487 563 1543 Herefordiae.

684 1706 904 1773 CLXXVIII.
927 1706 978 1771 De
999 1705 1118 1772 coelem.

203 1847 272 1899 An.
288 1855 351 1903 1283
407 1845 561 1901 Universis
587 1847 700 1902 Sancta
725 1847 830 1902 Matris
860 1847 1001 1901 Ecclesiae
1027 1847 1097 1901 filiis
1127 1846 1165 1901 ad
1193 1864 1267 1917 quos
1294 1864 1427 1918 praeseus

203 1920 296 2031 432⁷·
371 1932 513 2001 scriptum
542 1933 717 2002 pervenerit.
744 1931 927 2000 R[icardus].
953 1931 1145 2002 permissione
1166 1931 1268 1986 divina
1285 1930 1427 1986 Herclor·

371 2013 469 2069 densis
488 2015 651 2086 episcopus,
672 2016 797 2070 salutem
816 2016 846 2069 in
865 2015 990 2070 Domino
1009 2016 1226 2086 sempiternam.

406 2099 532 2154 Noverit
558 2100 735 2155 universitas
762 2107 862 2155 vestra
892 2100 970 2171 qued
993 2101 1110 2153 unicam
1140 2099 1379 2170 procurationem
1410 2118 1428 2153 a

371 2183 485 2238 demnIs
504 2183 608 2238 abbate
626 2191 657 2239 et
674 2190 819 2238 conventu
839 2184 937 2238 Sancti
951 2184 1033 2237 Petri
1046 2183 1240 2238 Gloucestriae
1258 2184 1427 2253 recepimus

370 2268 482 2321 ratione
513 2266 703 2322 dedicationis
734 2268 870 2322 altarium
902 2286 989 2337 (paam
1020 2268 1203 2322 exercuimus
1234 2268 1266 2320 in
1302 2267 1431 2322 ecc-lesia

371 2351 528 2422 parochiali
558 2351 593 2404 de
620 2351 862 2406 Chircbehammc
888 2352 919 2406 in
937 2351 1042 2421 vigilia
1060 2351 1306 2405 Armunoiatienis
1326 2350 1428 2405 Demi·

370 2435 443 2489 niem
462 2453 536 2489 anno
555 2435 659 2504 gratim
677 2435 834 2489 millesimo
853 2436 1052 2489 ducentesimo
1071 2435 1250 2505 octogesimo
1268 2434 1368 2490 tertie.

406 2518 516 2574 Datum
536 2519 645 2572 ibidem
664 2519 695 2573 in
712 2520 840 2573 erastino
858 2519 929 2574 dicti
949 2518 1017 2573 festi
1035 2536 1120 2583 anno,
1140 2528 1196 2574 etc.

204 2064 283 2100 same.

694 2748 882 2815 CLXXIX.
907 2749 957 2813 Dc
984 2749 1102 2814 coiea.

201 2909 271 2961 Al).
287 2918 349 2964 1148
407 2905 550 2960 Omnibus
562 2904 697 2958 fidelibus
716 2903 847 2958 ecelesiae
867 2900 1045 2972 Gsilbertus]
1065 2902 1183 2957 Folieth
1198 2902 1427 2957 Herelerdcnsis

201 2983 293 3029 4¹⁶³·
371 2991 534 3061 episcopas,
555 2988 601 3041 W.
617 2987 753 3049 decanus,
769 3004 835 3039 cum
848 2992 910 3040 toto
923 2986 1051 3056 capitulo
1063 2985 1285 3051 Herclordensi,
1300 2986 1426 3042 salutem

203 3052 298 3169 (imi,
371 3075 402 3128 ia
422 3074 556 3128 Domino.

202 3123 340 3238 fffimgs
405 3158 557 3212 Noveritis
584 3174 647 3219 nes,
675 3155 834 3226 episcopali
859 3155 1003 3225 dignitate
1031 3162 1062 3208 et
1086 3154 1259 3209 auctoritate
1285 3154 1426 3209 Hercser·

324 3227 331 3241 ⁸
370 3241 469 3295 densis
488 3242 629 3303 ecelesiae,
650 3257 686 3294 ex
704 3241 778 3293 done
791 3239 897 3294 nobilis
910 3239 966 3293 viri
979 3238 1124 3292 Bernardi
1137 3238 1173 3292 dc·
1186 3238 1270 3291 Novo
1283 3238 1424 3303 Mercate,

370 3327 454 3381 etad
473 3326 641 3380 instantiam
668 3324 829 3378 multorum
856 3322 1008 3385 nobilium,
1025 3322 1146 3375 dilectos
1166 3322 1242 3375 lilios
1260 3332 1377 3376 nostres
1396 3323 1425 3376 in

369 3411 488 3464 Christe
520 3409 652 3463 abbatem
685 3418 714 3462 et
738 3414 912 3462 contentum
937 3405 1022 3460 Beati
1047 3406 1129 3459 I‘etri
1152 3405 1365 3460 Gloucestrire²
1396 3408 1425 3460 in

369 3494 493 3548 ecelesia
512 3493 625 3547 Sanctae
644 3492 748 3545 Marte
767 3490 803 3544 de
830 3490 927 3544 Coara
953 3491 1177 3560 impersonasse,
1197 3496 1286 3560 atque
1304 3490 1426 3561 plenum

368 3584 557 3647 personatum
588 3576 700 3629 eisdem
731 3576 911 3629 concessisse
942 3573 979 3627 ad
1009 3573 1166 3627 luminaria
1196 3582 1225 3627 et
1255 3580 1427 3628 ornamenta

368 3661 454 3716 dictae
473 3662 605 3716 ecelesia¹
624 3660 708 3714 Beati
722 3659 803 3712 Petri
823 3658 996 3712 invenienda
1013 3675 1066 3727 per
1085 3675 1203 3710 manum
1223 3657 1354 3712 sacristae
1374 3658 1425 3728 qui

368 3764 421 3815 pro
439 3754 570 3817 tempore
584 3745 682 3805 fucrit,
703 3744 745 3797 ita
763 3742 841 3813 ‹pied
866 3742 943 3795 idem
963 3743 1086 3796 sacrista
1104 3742 1139 3793 de
1158 3742 1282 3811 prinfata
1299 3742 1426 3796 ecclesia

369 3829 405 3882 de
424 3829 522 3883 Ceura
539 3829 656 3883 nomino
674 3833 847 3898 perscmatus
876 3825 1042 3895 ‹prindecim
1069 3844 1182 3879 mareas
1201 3843 1312 3879 arianas
1331 3826 1425 3897 perci·

367 3913 429 3983 pict
447 3913 537 3967 donec
556 3913 635 3967 dieta
653 3912 778 3966 ecclesia
796 3910 954 3965 vacaverit.
993 3909 1058 3978 Qua
1077 3920 1209 3973 vacante,
1229 3909 1332 3964 licebit
1349 3928 1425 3982 prte-

368 3998 427 4049 l'ato
456 3997 586 4051 sacristae
612 3996 694 4049 illam
721 3994 836 4064 ingredi
857 4000 886 4048 et
911 3995 1031 4064 pracitice
1058 3992 1208 4063 possidere
1234 3993 1345 4063 absque
1372 3995 1425 4049 ali-

369 4080 453 4149 cujus
473 4080 691 4151 impedimento,
712 4078 870 4132 dnmmodo
898 4078 1065 4148 capellanus
1085 4078 1147 4131 sive
1166 4077 1295 4132 vicarius
1314 4078 1424 4132 ibidem

367 4164 535 4219 ministrans
555 4164 746 4219 subicientem
765 4170 852 4232 atrpre
871 4162 1022 4216 honestam
1049 4161 1156 4216 habeat
1179 4163 1424 4217 sustentationem

368 4246 405 4301 ad
423 4248 580 4303 valentiam
606 4266 633 4300 x.
654 4264 828 4310 marearum,
849 4252 991 4300 ettotam
1016 4246 1167 4299 residuum
1185 4258 1374 4301 convertatur
1394 4247 1424 4301 in

401 4509 495 4557 'llere
524 4509 566 4557 the
594 4509 675 4557 scribe
698 4507 743 4556 lus
770 4521 866 4556 recem·
917 4506 969 4555 this
992 4515 1059 4566 note,
1079 4507 1262 4569 “Compositio
1280 4508 1371 4558 ricarli
1392 4512 1424 4559 de

367 4589 472 4635 areacal
483 4588 525 4636 the
537 4587 607 4635 word
618 4594 632 4614 ‘¹
640 4586 790 4635 trahendas?
917 4591 932 4613 “
950 4587 1102 4637 Cowarue.''

400 4666 457 4715 '·'In
469 4666 512 4717 the
523 4667 621 4731 margin
639 4666 698 4717 here
715 4665 737 4716 is
754 4666 865 4717 inserted
