3158 5610
300 724 446 794 lxxxviii
558 741 735 792 smmum
757 743 800 791 ro
824 740 1088 792 mulionesnon.

298 916 417 988 collegii
435 917 618 988 perturbatio
629 934 682 990 per
694 917 823 989 regressi
842 917 910 972 lites
922 922 953 972 et
969 915 1047 972 rixas
1058 915 1107 972 vel
1124 932 1180 971 sua
1188 915 1358 986 corporalis

297 1001 453 1057 infirmitas
477 1003 576 1072 ipsum
594 1009 676 1057 extra
703 1002 913 1058 monasterium
940 1001 1047 1056 iterum
1072 1000 1152 1055 mitti
1178 999 1300 1071 exigant
1324 1004 1359 1055 et

297 1086 458 1156 requirant.
508 1087 548 1141 Et
578 1086 656 1158 quod
685 1087 799 1159 priores
829 1085 976 1149 forinseci,
996 1085 1051 1140 sub
1080 1101 1168 1156 poma
1196 1083 1285 1155 gravi
1315 1082 1358 1138 ad

297 1169 411 1224 abbatis
436 1171 591 1226 arbitrium
611 1171 780 1243 infligenda,
803 1170 943 1225 iratribus
962 1169 1051 1233 sanis,
1072 1167 1228 1232 debilibus,
1250 1173 1282 1224 et
1308 1166 1357 1221 in·

297 1253 390 1308 firmis
409 1255 506 1309 omnia
523 1255 689 1309 neccssaria
706 1255 862 1309 exhibeant
880 1253 1041 1309 seeundum
1059 1253 1237 1323 exigentiam
1256 1256 1357 1306 status

297 1353 408 1402 corum,
429 1344 626 1409 praeterquam
643 1339 675 1392 in
686 1338 818 1392 vestibus
837 1344 868 1392 et
886 1336 1091 1392 calceamentis
1110 1334 1161 1390 ubi
1179 1334 1216 1389 de
1228 1350 1356 1390 consue-

296 1422 398 1475 tudine
416 1422 508 1493 recipi
530 1428 742 1477 consueverant
765 1440 783 1476 a
799 1421 977 1476 monasterio
994 1419 1159 1492 principali.
1197 1418 1263 1473 Ista
1281 1435 1357 1488 quo·

295 1504 333 1558 ad
351 1506 522 1560 missionem
540 1506 664 1561 fratrum
683 1505 721 1560 ad
739 1507 828 1561 cellas
847 1512 878 1560 et
894 1504 1044 1560 missionis
1062 1503 1182 1559 modurn
1199 1520 1234 1558 ae
1246 1519 1355 1557 eorum

295 1606 408 1643 moram
434 1590 543 1644 ibidem
562 1607 721 1662 corumque
746 1589 955 1645 exhibitionem
968 1589 971 1596 '
983 1587 1133 1644 observari
1159 1585 1354 1658 praecipimus

295 1671 433 1727 similiter
464 1673 518 1727 sub
548 1673 667 1744 majoris
699 1672 1005 1729 excommunicationis
1035 1688 1123 1742 poena
1151 1688 1210 1743 qua
1233 1674 1353 1725 contro·

294 1756 446 1812 venientes
464 1757 601 1812 volumus
620 1763 721 1812 tenore
739 1756 921 1828 presentium
939 1755 1084 1811 innodari.

333 1840 493 1906 Uirdecimo,
514 1841 592 1912 quod
610 1840 709 1896 nullus
728 1841 820 1896 frater
846 1841 939 1896 intret
956 1856 1160 1911 quamcunque
1178 1838 1300 1893 domum
1318 1835 1354 1891 in

292 1923 365 1977 villa
384 1923 576 1979 Gloueestrirn
594 1924 651 1978 nisi
675 1941 711 1979 ex
737 1923 866 1979 evidenti
893 1941 982 1978 eausa
1007 1921 1152 1994 superiori
1178 1918 1355 1992 exponenda

292 2011 408 2060 etcum
432 2008 555 2062 honesta
580 2007 729 2072 comitiva,
749 2008 842 2079 petita
860 2013 890 2062 ct
911 2008 1030 2063 obtenta
1053 2005 1137 2078 prius
1164 2003 1287 2061 lieentia
1311 2002 1352 2058 ab

291 2090 395 2144 abbate
414 2091 462 2145 val
480 2092 578 2161 priore
596 2090 628 2145 in
646 2090 759 2146 abbatis
784 2092 935 2156 absentia;
960 2090 1060 2144 nullus
1079 2090 1170 2145 etiam
1187 2089 1284 2143 frater
1302 2088 1351 2142 in·

291 2174 376 2228 cedat
394 2191 446 2245 per
464 2175 590 2245 patriam
608 2174 665 2229 nisi
678 2192 745 2230 cum
763 2175 903 2230 comitiva
921 2174 1047 2244 alicujus
1067 2173 1166 2228 fratris
1178 2172 1226 2228 vel
1245 2169 1351 2226 elerici

291 2256 338 2310 vol
366 2258 506 2328 esquierii
533 2258 657 2314 honesti.
695 2258 735 2313 Et
759 2258 931 2330 praefigatur
956 2257 1019 2312 dies
1046 2257 1147 2312 taliter
1170 2253 1352 2310 exeuntibus

291 2338 406 2410 qusmdo
424 2341 549 2396 debcant
571 2341 690 2397 revorti.
725 2341 766 2396 Et
793 2341 818 2395 si
843 2354 961 2412 tempus
986 2340 1139 2412 praefixum
1163 2337 1352 2409 transgressi

290 2422 400 2477 suerint
434 2425 629 2494 corripiantur
662 2429 693 2479 et
728 2425 860 2495 graviter
895 2424 1066 2496 puniantur,
1095 2422 1153 2478 nisi
1187 2420 1352 2477 manifesta

289 2507 449 2560 necessitas
468 2507 547 2577 ipsos
566 2524 705 2561 excusare
723 2508 821 2562 valeat
839 2514 869 2562 et
885 2526 944 2562 non
962 2507 1038 2562 fieta.

325 2590 505 2655 Duodecimn,
518 2591 596 2662 quod
609 2592 659 2663 qui
672 2591 756 2647 ludos
770 2593 993 2656 scaccariorum,
1008 2592 1145 2655 talorum,
1158 2590 1348 2655 balistarum,

289 2689 419 2737 arcuum,
441 2681 471 2730 et
488 2676 686 2730 consimilium
705 2675 814 2731 alicubi
833 2677 998 2731 exercuerit
1010 2681 1040 2730 et
1058 2690 1148 2745 super
1163 2673 1223 2730 hiis
1242 2673 1352 2744 depre-

288 2755 397 2811 hensus
422 2758 521 2821 suerit,
550 2758 663 2813 duobus
689 2759 793 2814 diebus
820 2759 953 2831 proximo
982 2758 1174 2830 sequentibus
1199 2775 1255 2829 per
1279 2757 1353 2813 sub·

287 2839 459 2894 tractionem
478 2842 576 2896 solatii
594 2843 749 2912 puniatur;
770 2844 909 2898 similiter
927 2860 999 2899 usus
1018 2843 1175 2897 bursarum
1187 2841 1225 2896 de
1238 2841 1349 2908 serico,

287 2939 424 2976 zonarum
443 2925 684 2988 inordinatarum,
710 2926 897 2981 cultellorum
922 2944 990 2982 eum
1008 2926 1137 2998 punctis,
1156 2930 1188 2980 et
1212 2925 1352 2981 omnium

286 3003 411 3059 aliorum
437 3025 502 3077 qum
527 3014 634 3062 senetm
658 3008 797 3079 religioni
821 3010 973 3065 adversari
993 3015 1143 3081 poterunt,
1163 3009 1286 3080 penitus
1307 3009 1354 3065 sit

286 3088 420 3141 omuibus
439 3090 613 3144 interdictus
639 3092 694 3146 snb
713 3110 800 3161 poena
817 3093 959 3162 praedicta
976 3092 1025 3147 vel
1050 3092 1183 3163 graviori
1202 3092 1241 3146 ad
1269 3091 1352 3147 arbi·

285 3169 375 3223 trium
394 3172 524 3226 custodis
542 3173 663 3237 ordinis,
684 3175 762 3230 sicut
780 3176 913 3247 exegerit
936 3177 1113 3247 protervitas
1132 3175 1349 3245 delinquent-is.

286 3250 324 3304 Et
342 3253 367 3305 si
385 3255 499 3323 praelati
518 3256 687 3325 hujusmodi
705 3257 835 3313 viderint
852 3276 870 3312 a
888 3259 1029 3314 fratribus
1048 3259 1160 3332 portari
1178 3277 1216 3314 ea
1232 3259 1352 3314 suferri

284 3351 341 3385 uon
360 3341 541 3406 postponant.

321 3416 538 3481 'ibreio-decimo,
560 3421 637 3490 quod
656 3422 760 3477 solatia
778 3425 920 3479 fratribus
939 3425 1134 3480 exhibeantur
1151 3432 1214 3481 tam
1236 3427 1349 3482 intriu-

283 3515 366 3551 secus
385 3518 437 3570 per
456 3503 589 3557 ulrbatem
609 3511 638 3559 et
656 3507 784 3576 priorem
803 3526 891 3578 quam
910 3510 1094 3565 extrinsecus
1106 3527 1161 3581 per
1178 3510 1349 3567 obedienti·

283 3578 359 3633 arios
373 3590 402 3636 et
413 3583 554 3643 uicissim.
574 3588 735 3642 seeundum
754 3591 832 3659 quod
850 3598 953 3661 gestus
969 3594 1127 3648 maturitas
1140 3599 1171 3648 et
1188 3610 1351 3649 conversa·

283 3660 370 3794 liuga
384 3663 520 3799 healestan
533 3675 563 3721 et
574 3669 687 3738 pondus
700 3671 808 3726 laboris
827 3673 857 3726 in
869 3674 958 3729 choro
971 3680 1001 3729 et
1013 3675 1144 3732 elaustro
1156 3693 1208 3731 eos
1226 3677 1349 3733 solatiis

283 3758 315 3793 re
336 3754 408 3798 ‹irrit
426 3747 541 3815 (ignes.

318 3830 549 3899 (trussencourt,
570 3842 648 3910 quod
666 3844 871 3902 elemosinaria
888 3849 924 3903 de
945 3849 1139 3906 Stanedische
1152 3853 1349 3910 continuetur

282 3916 313 3963 et
331 3915 507 3972 arretinorum
526 3925 687 3978 secumdum
705 3926 828 3982 formum
847 3932 951 4002 scripti
970 3934 1054 3988 bonae
1072 3936 1226 3992 memoriae
1238 3938 1348 3994 fratris

281 3990 408 4087 'l'hiiflmt
441 4004 585 4066 quondum
615 4007 728 4062 abbatis
756 4013 848 4066 vostri
876 4017 1049 4071 monasterii
1076 4019 1244 4090 antiquitus
1275 4021 1348 4077 inde

281 4074 403 4128 ‹uurlroti
423 4083 453 4131 et
471 4099 522 4150 per
541 4086 737 4144 dimersurum
756 4094 929 4162 confirmati,
949 4106 1094 4156 statutus
1113 4101 1188 4158 dicti
1214 4107 1347 4161 manerii

281 4170 396 4222 uuurper·
421 4169 609 4229 sustcutetur,
630 4171 672 4225 itu
696 4173 774 4242 quod
799 4176 836 4230 de
855 4179 957 4234 eodem
983 4182 1071 4238 aliter
1101 4202 1161 4239 non
1187 4186 1349 4244 ordinetur

282 4250 337 4285 utut
363 4248 479 4308 propur
497 4258 650 4313 urgentem
680 4257 885 4314 necessitatem
911 4267 1117 4322 communitati
1142 4268 1345 4336 accidentem,

281 4320 311 4367 et
329 4318 405 4383 quud
433 4327 493 4377 tutu
511 4329 602 4383 russina
627 4334 664 4385 ab
691 4338 811 4407 antiquo
839 4342 938 4399 debita
965 4355 996 4401 et
1022 4358 1166 4406 consueta
1193 4352 1231 4406 de
1260 4353 1347 4410 dicto

281 4410 409 4451 uuururru
428 4402 552 4472 siugulis
571 4416 741 4482 septimanis
760 4421 1022 4484 subeleruosiuurio
1034 4432 1181 4489 liberetur
1199 4438 1346 4508 pmuperi·

281 4475 335 4533 Ιιιιι
366 4477 426 4535 siue
462 4486 653 4549 diminutione
685 4504 849 4571 eroganda3
891 4526 993 4566 mensa
1029 4522 1130 4570 autem
1162 4525 1345 4591 sumptuosa
