3158 5610
349 766 368 828 6
675 776 840 830 marolus
861 775 1072 829 moutarnnn

349 962 415 1028 Hic
437 963 637 1030 abbatissam
664 963 811 1051 praefecit
833 964 870 1029 in
896 962 998 1029 urbe¹
1023 983 1175 1042 sororem,

348 1066 480 1131 Terram
504 1066 701 1133 submissam
722 1066 786 1132 sibi
809 1066 888 1132 fecit
910 1072 944 1133 et
966 1066 1057 1132 urbis
1080 1067 1247 1132 honorem.

348 1169 495 1233 Primum
518 1169 656 1255 praelata
677 1168 744 1235 fuit
767 1169 845 1246 haec,
869 1169 1077 1257 Kyneburga
1099 1172 1227 1249 vocata,

348 1270 402 1336 Sic
427 1272 526 1349 vixit,
550 1276 656 1337 strata
682 1271 787 1337 donec
813 1270 878 1337 suit
900 1273 937 1335 in
964 1293 1024 1337 sna
1049 1271 1127 1337 fata.

349 1374 471 1439 Statim
494 1375 657 1451 successit,
683 1374 820 1461 jamque
845 1373 1000 1441 debincta
1024 1372 1239 1461 Kyneburga„

349 1476 479 1541 Nobilis
504 1476 671 1563 Edburga
694 1499 769 1561 qum
796 1477 941 1563 plurima
962 1476 1133 1542 commoda
1158 1476 1280 1563 gessit;

350 1579 522 1657 Quondam
545 1580 660 1665 ragina
687 1577 805 1643 Wlseri
828 1579 913 1666 regis
936 1580 1093 1659 honesta3

349 1681 431 1747 Hac
456 1680 590 1746 celebris
617 1680 770 1746 domina:
795 1682 852 1747 sed
878 1702 966 1746 mom
988 1679 1131 1746 clausit¹
1155 1702 1215 1745 sua
1236 1685 1340 1766 gesta

349 1784 469 1849 inclita
492 1789 648 1849 matrona
670 1785 826 1850 suecessit
850 1784 886 1848 in
911 1784 992 1850 urbe
1014 1789 1163 1871 patrona,

348 1885 478 1951 Omlabs
500 1892 591 1952 casta
617 1885 706 1952 bona
729 1885 856 1953 calesti
879 1885 980 1975 digna
1002 1908 1130 1953 corona.

349 1986 514 2052 Walterus
536 1988 666 2054 studuit
691 1986 894 2067 Frouoestre,
919 1995 954 2055 et
975 1989 1047 2056 haec
1072 1988 1287 2054 memoranda

349 2091 389 2153 Iu
416 2089 547 2177 scriptis
571 2091 684 2177 posuit
708 2090 942 2157 claustralibus
968 2091 1179 2158 enucleanda.

632 2448 681 2511 Dc
703 2446 915 2532 liyuebuaya
937 2445 1115 2513 abbatissa.

183 2628 337 2693 Kyneburga
395 2613 608 2699 Kynoburga,
632 2635 723 2677 soror
751 2613 837 2699 regis
869 2612 984 2693 Osrici,
1007 2636 1028 2678 a
1050 2612 1180 2680 Bosello
1202 2612 1312 2700 primo
1333 2613 1401 2699 cpi·

181 2711 267 2813 {232}
350 2738 445 2802 scopo
469 2715 702 2802 Wygorniensi
725 2715 761 2779 in
791 2715 991 2781 abbatissam
1023 2716 1215 2781 monasterii
1248 2715 1400 2781 Glauces-

182 2831 283 2890 autssa
350 2819 424 2885 triae
447 2823 661 2899 consecratur,
691 2839 767 2904 quae
798 2817 1034 2884 monesterium
1063 2819 1148 2884 illud
1178 2818 1272 2883 xxix
1304 2818 1400 2883 annis

351 2920 410 2985 sub
435 2919 640 3007 regularibus
667 2918 858 3006 disciplinis,
883 2921 920 2984 in
946 2918 1034 2985 bona
1059 2920 1222 2998 castitate,
1251 2920 1341 2985 rexit
1367 2925 1402 2984 et

352 3023 539 3103 custodivit,
572 3044 610 3087 ac
646 3022 753 3087 multa
786 3022 874 3087 bona
911 3021 1017 3087 eidem
1055 3022 1254 3087 monasterio
1292 3021 1402 3107 acqui-

181 3133 242 3187 dies.
265 3202 278 3220 „
351 3126 450 3190 sivit:
475 3124 610 3189 taudmn
636 3145 724 3188 auno
744 3124 914 3212 regiminis
938 3124 990 3188 sui
1013 3124 1167 3189 vicesimo
1193 3144 1283 3188 nono
1308 3123 1401 3199 obiit,

184 3200 250 3249 Μ’·
267 3204 319 3249 ‘¹⁰'
351 3234 384 3293 ct
409 3227 566 3314 sepelitur
584 3225 685 3311 juxta
707 3227 842 3292 fratrem
867 3248 964 3291 suum
989 3224 1148 3304 Osricum,
1171 3247 1279 3292 noram
1303 3226 1399 3290 altari

350 3333 482 3397 Sancta
512 3329 703 3395 Petronillae
734 3330 881 3415 ejusdem
911 3330 1124 3410 monasterii3
1162 3329 1215 3395 cui
1246 3330 1402 3394 mccessit

349 3435 514 3521 Ildburga
546 3454 633 3497 anuo
664 3432 707 3495 ab
739 3431 973 3497 Incarnationc
1003 3432 1140 3497 Domini
1177 3431 1403 3520 septingente-

350 3539 431 3601 simo
470 3536 603 3601 decimo.
664 3533 871 3621 Kyneburga
913 3540 991 3599 ante
1032 3534 1168 3600 fratrem
1211 3534 1296 3600 obiit
1334 3534 1400 3600 xix.

350 3640 453 3704 tannia.

183 3762 303 3825 smsssga
396 3741 561 3828 Edburga,
584 3760 670 3805 uxor
698 3745 734 3804 et
759 3740 875 3827 regina
900 3739 1046 3819 Wolferi,
1078 3739 1164 3827 regis
1195 3738 1401 3817 Marciorum,

181 3833 315 3890 ⁸⁰⁰⁰ffl¹⁸³
350 3849 588 3930 postmortem
615 3840 728 3906 mariti
751 3843 814 3920 sui,
838 3840 953 3907 relicto
985 3842 1111 3921 saeculo,
1143 3862 1243 3907 sacrae
1273 3841 1403 3928 religio

350 3948 402 4010 nis
432 3945 630 4010 consortium
659 3943 696 4008 in
726 3945 926 4010 monastario
951 3945 1065 4010 Sancti
1096 3944 1186 4009 Petri
1209 3945 1403 4030 acquisivit3

350 4048 484 4114 tandem
515 4070 535 4111 a
565 4045 687 4111 Sancto
718 4044 883 4134 ngino,³
909 4047 1009 4112 tertio
1039 4068 1060 4110 a
1093 4046 1221 4112 Boscllo
1252 4047 1403 4133 episcopo

183 4168 303 4217 inconse—
351 4148 593 4236 Wygorniensi,
630 4148 666 4211 in
704 4148 904 4214 abbatissam
952 4148 1075 4214 ibidem
1113 4154 1329 4229 consecratur,
1368 4155 1403 4213 et

182 4237 285 4361 ms,
351 4252 586 4319 monasterium
610 4250 694 4316 illud
720 4252 756 4314 in
782 4252 903 4316 sanctis
929 4251 1106 4338 propositis
1137 4251 1220 4316 bene
1247 4252 1335 4316 rexit
1364 4274 1402 4316 ac

384 4610 389 4638 ¹
403 4606 474 4673 urbe]
488 4607 556 4662 orbe,
568 4605 631 4669 Reg.
644 4604 728 4654 Oxou.
934 4603 944 4632 ³
957 4600 1073 4668 aquino]
1088 4603 1212 4667 ngyno,
1224 4602 1289 4667 Rag.
1302 4602 1385 4654 Oxou

382 4686 503 4751 ²rlaasit]
517 4685 634 4738 clauum
647 4682 724 4735 MSS.
