3158 5610
363 743 428 806 348
648 753 897 807 cenromruon
918 758 1133 811 nonssrnmr

396 926 473 983 Acte
502 933 571 983 sunt
602 928 664 983 hinc
692 928 770 1000 apud
800 929 1016 987 Gloucestriem
1044 932 1075 987 in
1104 933 1191 1005 pleno
1217 934 1350 1006 capitulo
1376 934 1427 990 die

363 1011 462 1066 Sancti
480 1009 624 1078 Marcelli,
650 1028 725 1068 enno
750 1011 869 1070 Domini
893 1014 1051 1072 millesimo
1079 1016 1281 1074 ducentesimo
1306 1024 1427 1092 septue-

364 1094 477 1168 gesimo
495 1100 585 1151 sexte.

448 1363 656 1432 OCOXLIV.
683 1366 787 1433 Corte
810 1365 947 1434 Roberte‘
969 1367 1009 1433 de
1032 1366 1340 1458 Kieemambttry.

192 1515 260 1567 Ab.
277 1523 338 1570 1263
396 1507 426 1563 N
427 1507 541 1564 crerint
558 1508 689 1565 universi
705 1509 800 1565 visuri
817 1510 866 1566 vel
884 1509 1014 1566 audituri
1031 1510 1101 1566 hes'
1119 1510 1246 1577 littores,
1266 1513 1348 1584 quod
1367 1533 1425 1584 ego

192 1588 284 1636 4284·
360 1591 506 1648 Robertus
524 1593 560 1647 de
573 1591 853 1664 Kynemercsburie,
867 1593 946 1648 iilius
959 1600 989 1650 et
1000 1593 1095 1649 lueres
1112 1594 1245 1667 Philippi
1263 1597 1302 1651 de
1321 1598 1425 1669 Kyne-

191 1667 230 1716 Οἳ
239 1668 323 1720 Kimss·
359 1677 550 1742 meresbnrin‚
564 1677 642 1743 dedi,
656 1678 797 1743 concessi,
812 1678 908 1733 etheo
926 1684 1008 1734 certe
1019 1696 1085 1733 mee
1096 1680 1278 1745 confirmari,
1293 1680 1423 1737 dominis

189 1735 262 1802 bury.

358 1761 431 1816 meis
450 1761 614 1832 Regineldo
632 1762 731 1818 abbati
758 1762 859 1818 Sancti
886 1761 969 1818 Petri
997 1762 1198 1829 Gloncestriae,
1228 1770 1260 1819 et
1285 1765 1422 1836 ejusdem

357 1845 414 1899 loci
432 1846 598 1912 conventui,
621 1854 652 1902 et
679 1863 780 1901 eorum
799 1845 1027 1910 successoribus,
1047 1846 1078 1900 in
1098 1864 1213 1918 purum,
1233 1847 1370 1914 liberum,
1392 1857 1423 1906 ct

357 1936 528 2000 perpetuam
546 1930 745 1995 elemosinam,
759 1936 854 1985 totum
872 1936 990 2000 pratum
1008 1947 1106 1984 meum
1124 1930 1203 2001 epud
1219 1931 1423 2002 Kynemsres·

359 2013 483 2080 buriam,
503 2032 571 2070 cnm
598 2021 659 2070 toto
685 2014 786 2085 heytie
812 2013 1020 2084 circumposito
1041 2020 1072 2069 et
1089 2013 1367 2082 circumcrescente,
1388 2026 1422 2074 et

356 2097 490 2153 omnibus
515 2099 582 2154 eliis
609 2099 718 2169 ubique
743 2097 928 2170 pertinentiis
956 2097 1029 2164 suis,
1051 2097 1088 2152 de
1113 2115 1161 2152 me
1188 2104 1220 2154 et
1249 2099 1421 2158 haeredibus

356 2182 430 2237 meis
455 2182 503 2239 rel
531 2182 690 2253 assignetis
708 2182 940 2254 quibuscunque,
962 2181 1020 2253 ipsi
1047 2188 1077 2237 et
1104 2199 1206 2238 eornm
1230 2201 1421 2242 successores

356 2265 457 2330 libere,
479 2266 586 2337 quiete,
606 2267 690 2332 bene,
710 2272 741 2321 et
761 2266 892 2337 peeifice,
913 2265 989 2321 sicut
1012 2283 1127 2337 purem,
1147 2265 1282 2332 liberem,
1304 2276 1336 2325 et
1352 2287 1421 2341 per·

355 2355 474 2420 petuam
492 2350 692 2415 elemosinam,
712 2349 743 2404 in
762 2357 946 2422 perpetuum.
983 2348 1117 2405 Concedo
1141 2350 1231 2405 etiem
1248 2369 1305 2423 pro
1323 2371 1372 2409 me
1391 2360 1423 2410 et

355 2433 520 2489 hmredibns
553 2451 605 2489 scu
643 2433 866 2504 quibuscunque
894 2432 1053 2503 assignetis
1079 2433 1152 2489 meis
1179 2433 1309 2491 dominis
1341 2439 1419 2493 meis

355 2517 510 2573 antedictis
537 2517 649 2573 dictum
676 2523 795 2589 pratum
816 2534 883 2571 cnm
905 2516 967 2572 suis
988 2516 1173 2588 pertinentiis
1191 2535 1246 2588 pro
1263 2519 1420 2578 voluntem

355 2617 457 2656 eorum
482 2619 535 2672 per
562 2606 657 2657 totum
683 2617 791 2655 enuum
817 2600 1001 2655 indefensum
1019 2607 1129 2666 tenere,
1149 2607 1179 2656 et
1196 2610 1287 2673 prout
1304 2605 1416 2662 melius

355 2684 411 2738 sibi
441 2684 569 2740 viderint
598 2683 745 2755 expedire,
778 2683 1020 2754 circumcingere,
1052 2685 1198 2751 claudere,
1231 2691 1262 2742 et
1293 2688 1417 2756 fossore,

353 2768 462 2838 absque
489 2767 568 2823 omni
595 2767 826 2823 contradictione
853 2767 912 2822 mei
940 2768 988 2823 vel
1014 2767 1164 2823 hoeredum
1191 2787 1338 2837 meorum,
1364 2791 1419 2828 scu

353 2869 592 2923 quorumcunque
617 2852 834 2923 assignatorum
860 2868 1006 2908 meorum.
1046 2852 1111 2923 Ego
1136 2869 1207 2909 vero
1234 2854 1334 2911 dictus
1360 2858 1418 2912 Ro·

352 2934 453 2988 bertus
469 2941 499 2990 et
515 2935 647 2990 heredes
665 2935 724 2990 mci
743 2952 795 2990 seu
814 2935 956 3006 assignati
977 2934 1146 3007 quicunque
1164 2936 1279 2992 dictum
1297 2947 1418 3010 protum

352 3037 419 3072 cum
437 3019 571 3074 omnibus
590 3019 652 3074 suis
670 3018 779 3090 ubique
798 3019 983 3090 pertinentiis
1001 3019 1153 3090 praediotis
1174 3021 1275 3077 ebbeti
1294 3029 1326 3078 et
1348 3043 1416 3080 con·
1489 3070 1494 3081 .

351 3103 449 3156 ventui
470 3109 618 3158 eteorum
637 3102 855 3158 successoribus
878 3110 980 3158 contre
998 3120 1098 3159 omnes
1117 3104 1259 3160 mortales
1278 3111 1416 3164 warenti-

351 3187 492 3249 zabimns,
519 3195 549 3241 et
575 3187 611 3241 de
637 3187 770 3241 omnibus
798 3187 988 3241 soecularibus
1014 3187 1166 3242 demendis
1192 3189 1413 3260 equietebimns

350 3277 380 3324 et
407 3270 595 3324 defendemus
623 3270 654 3323 in
680 3277 864 3341 perpetuum,
891 3270 965 3324 nihil
993 3270 1066 3323 mihi
1095 3275 1125 3325 et
1148 3271 1318 3328 haeredibus
1337 3278 1412 3332 meis

350 3374 400 3409 sen
420 3354 577 3425 assignetis
596 3353 698 3408 exindo
717 3370 879 3417 reservans,
900 3353 958 3408 nisi
983 3360 1098 3408 tentum
1122 3354 1288 3411 orationum
1308 3360 1412 3413 suffre-

349 3440 408 3509 gia.
447 3440 486 3493 Et
498 3444 531 3493 ut
544 3438 605 3492 hinc
618 3455 683 3491 mee
695 3437 822 3502 doneti0‚
841 3437 1000 3502 concessio,
1015 3443 1046 3492 et
1057 3440 1211 3509 proesentis
1230 3446 1320 3497 certae
1339 3461 1412 3498 meae

349 3523 529 3578 confirmatio
559 3520 765 3592 perpetuitatis
800 3521 890 3579 robur·
928 3521 1067 3584 obtineat,
1099 3539 1228 3591 praesens
1265 3526 1410 3597 scriptum

349 3606 442 3678 sigilli
461 3605 519 3660 mei
538 3605 729 3675 impressione
748 3603 892 3659 roboravi.
931 3604 1001 3660 Hiis
1020 3604 1154 3661 testibus

414 3818 600 3885 OCOXLV.
625 3819 675 3884 Dc
699 3817 912 3887 libertatibus
934 3819 1087 3906 Aeetes,
1113 3821 1219 3889 Carta
1242 3822 1354 3910 Repu

383 3949 531 4004 Hemicus
550 3965 601 4002 rex
619 3947 747 4019 Angue,
768 3948 835 4004 eto.²

379 4234 385 4263 ¹
404 4231 463 4297 bas]
483 4232 551 4291 heae,
564 4230 619 4282 MS.
900 4231 921 4280 it
932 4231 1004 4291 here;
1022 4233 1067 4282 but
1083 4233 1110 4282 in
1128 4233 1171 4283 the
1186 4235 1316 4298 appendix
1328 4237 1407 4287 attho

378 4312 471 4361 ²Here
483 4311 505 4360 is
522 4310 633 4360 inserted
654 4317 680 4358 nt
697 4309 785 4374 length
806 4309 848 4359 the
901 4313 948 4360 end
968 4311 998 4360 of
1013 4310 1064 4361 this
1083 4313 1152 4361 work
1173 4313 1225 4361 will
1245 4315 1276 4363 be
1294 4314 1373 4365 found
1391 4332 1407 4365 a

343 4389 517 4438 confirmation
534 4390 568 4452 by
588 4389 677 4454 Henry
694 4389 736 4438 the
759 4389 848 4449 Third,
900 4390 965 4440 tnble
975 4390 1065 4455 giving
1081 4391 1124 4442 the
1135 4392 1273 4442 sanatione
1293 4394 1406 4445 between

344 4467 449 4532 bearing
468 4470 526 4517 dete
546 4468 589 4516 the
609 4467 671 4516 ooth
692 4469 808 4533 Jenuery
820 4468 847 4516 in
898 4467 941 4518 the
961 4485 1025 4533 copy
1038 4469 1064 4518 in
1082 4470 1125 4520 the
1140 4473 1269 4536 certulery
1280 4475 1331 4522 end
1351 4474 1405 4524 that

343 4547 384 4596 the
397 4547 560 4611 twenty-first
570 4561 630 4609 year
641 4547 671 4595 of
679 4545 718 4595 his
729 4547 809 4610 reign,
821 4546 851 4595 os
898 4548 997 4611 printed
1009 4548 1035 4597 in
1044 4550 1086 4599 the
1098 4550 1207 4601 Statores
1218 4551 1249 4600 os
1256 4552 1300 4601 the
1307 4552 1404 4616 Reelm,

342 4627 384 4675 the
402 4626 480 4676 Great
496 4627 545 4674 end
566 4625 654 4674 Foreet
673 4624 798 4675 Cherterr.
832 4625 846 4674 1
899 4627 940 4676 vel
952 4625 977 4687 i,
988 4642 1013 4691 p.
1025 4632 1066 4677 28.

342 4704 406 4754 have
417 4703 525 4769 thought
536 4703 557 4754 it
566 4717 730 4768 unnecessery
740 4711 767 4752 to
778 4702 845 4766 print
