3158 5610
349 844 415 910 368
637 846 885 906 csswmmms
906 853 1118 908 nonssrssn

348 1035 453 1092 enimse
479 1050 552 1089 mem
577 1037 608 1089 et
633 1032 746 1089 Sibillss
772 1032 873 1089 uxon's
897 1049 980 1098 mese,
1000 1037 1031 1089 et
1053 1050 1107 1106 pso
1124 1033 1223 1090 enims
1239 1032 1331 1090 Alsni
1348 1033 1407 1090 fflii

348 1120 408 1174 mei
434 1123 465 1174 et
492 1117 624 1173 omnium
647 1116 798 1172 haeredum
822 1133 966 1181 meorum,
985 1116 1058 1182 Deo,
1084 1122 1115 1173 et
1140 1118 1275 1173 ecclesie
1301 1117 1406 1175 Sancti

349 1203 433 1259 Petri
452 1201 655 1265 Gloucestrioe,
675 1207 707 1256 et
729 1200 880 1257 monacbis
903 1200 1014 1256 ibidem
1031 1201 1095 1257 Deo
1114 1203 1324 1270 servientibus,
1343 1221 1406 1259 me·

350 1287 487 1359 suagium
512 1285 591 1358 quod
607 1284 761 1341 Aldwinns
780 1284 912 1341 Olsndus
938 1285 1043 1351 tenuit,
1063 1291 1094 1342 et
1117 1287 1306 1359 mesuagium
1325 1288 1407 1359 qnod

348 1372 491 1428 Edninus
504 1369 604 1427 Smuri
621 1371 718 1425 tenuit
736 1370 766 1425 in
778 1368 956 1435 anburns,
976 1387 1045 1425 eum
1062 1371 1198 1426 omnibus
1216 1372 1408 1444 pertinentiis

350 1461 382 1512 et
406 1454 593 1511 libertatibus
621 1454 693 1519 suis,
714 1453 745 1509 in
767 1453 902 1518 liberam,
920 1470 1036 1527 pursm,
1056 1460 1088 1511 et
1103 1462 1279 1528 perpetuam
1296 1455 1407 1512 elemo-

350 1541 454 1595 sinsm.
486 1538 534 1595 Its
560 1544 658 1595 temen
686 1537 764 1610 quod
788 1537 925 1610 proedieti
953 1538 1099 1603 monaehi,
1123 1556 1179 1611 pro
1204 1540 1305 1595 enims
1331 1558 1407 1613 prce·

350 1624 423 1680 dicti
440 1622 530 1678 Aleni
554 1620 608 1677 filii
633 1623 702 1687 mei,
723 1621 850 1693 singulis
877 1621 1011 1677 noctibus
1037 1640 1092 1695 per
1118 1641 1229 1678 snnum
1253 1624 1409 1681 invenient

349 1725 439 1764 nnsm
468 1705 634 1779 lsmpedem
661 1706 813 1763 ardentem
841 1706 874 1761 in
899 1711 1075 1780 perpetuum
1098 1707 1131 1762 in
1160 1707 1275 1779 capelle
1303 1708 1408 1765 Beate

350 1791 454 1848 Meriae
477 1790 514 1845 de
540 1788 718 1856 Lsmbnrne,
745 1794 776 1845 et
799 1788 937 1845 similiter
966 1789 1004 1845 ed
1033 1807 1134 1846 omnes
1160 1790 1249 1847 borss
1276 1791 1406 1857 divinas,

350 1883 381 1932 et
405 1874 444 1931 od
467 1875 573 1931 misses
602 1894 668 1947 qum
693 1875 725 1930 in
751 1874 854 1930 eedem
877 1874 991 1946 capello
1014 1875 1217 1931 cantabuntur.
1268 1876 1408 1933 Concedo

350 1961 441 2016 etism
470 1958 549 2031 quod
578 1958 715 2031 predicti
744 1958 888 2023 monachi,
919 1959 969 2014 vel
999 1959 1050 2030 qui
1079 1958 1232 2032 proedicts'
1251 1964 1409 2034 mesnagis

352 2045 388 2100 de
407 2045 450 2100 eis
468 2044 626 2107 tenuerint,
646 2043 773 2099 habeant
789 2043 890 2099 everis
907 2060 961 2099 sus
978 2043 1009 2100 in
1027 2044 1144 2116 pascuis
1156 2045 1231 2100 meis
1250 2045 1355 2117 quieta
1371 2046 1409 2102 de

351 2129 498 2204 pannagio
517 2134 548 2183 ct
564 2128 716 2200 herbagio.

389 2214 465 2283 Quis
481 2230 553 2268 vero
570 2212 646 2268 hsno
664 2211 884 2269 concessionem
901 2228 998 2269 meam
1016 2212 1153 2269 stabilem
1170 2218 1201 2269 ct
1212 2213 1331 2271 firmem
1342 2233 1407 2273 esse

354 2298 432 2365 volo,
451 2302 542 2363 certe,
563 2302 619 2353 eto.

667 2527 885 2597 cchxxv.
908 2527 957 2596 De
979 2528 1098 2597 eodem.

392 2680 494 2737 Scisnt
519 2686 679 2754 presentes
704 2686 734 2736 et
757 2681 861 2745 futuri,
881 2681 960 2753 quod
982 2699 1039 2754 ego
1056 2682 1149 2754 Hugo
1166 2683 1203 2739 de
1222 2684 1404 2760 Plangensy,

355 2784 409 2839 pro
427 2766 522 2821 seluto
540 2765 644 2821 snimae
662 2782 736 2820 meae
759 2770 790 2821 et
806 2765 937 2820 omnium
961 2767 1121 2822 amicorum
1142 2785 1287 2835 meorum,
1307 2778 1338 2827 et
1354 2790 1404 2845 pro

355 2850 453 2904 enims
480 2848 599 2904 Jezonis
625 2848 662 2903 do
688 2848 786 2909 Dinon
803 2853 834 2904 et
852 2849 964 2904 Sibillae
990 2851 1089 2905 uxoris
1112 2869 1195 2917 meae,
1216 2856 1358 2919 concessi,
1376 2864 1405 2911 et

354 2934 494 3005 praesenti
513 2939 595 2990 certe
621 2950 688 2988 mcc
712 2933 891 2997 confirmavi,
911 2932 984 2999 Deo,
1004 2939 1035 2989 et
1053 2935 1185 2991 ecclesiis
1205 2937 1306 2995 Sancti
1327 2940 1403 2995 Petri

355 3017 556 3095 Glonccstrioe,
597 3023 628 3073 et
665 3017 815 3073 monacbis
844 3017 955 3072 ibidem
985 3018 1048 3074 Deo
1078 3020 1286 3087 servientibus,
1318 3031 1403 3082 telem

354 3109 465 3157 terrem
495 3122 561 3174 quw
595 3102 654 3158 fuis
682 3102 820 3158 Edwardi
851 3102 1017 3174 presbiteri,
1049 3103 1081 3158 in
1111 3104 1282 3161 Lamburns
1318 3126 1401 3180 quem

354 3186 521 3241 Evernrdus
548 3186 664 3257 ngge
690 3192 779 3251 tenet,
801 3204 889 3257 quem
914 3185 1054 3242 videlicet
1079 3193 1189 3244 terrem
1220 3192 1402 3262 supradictus

355 3270 427 3326 Jozo
453 3271 489 3325 de
518 3270 616 3325 Dinon
639 3277 724 3342 peter
750 3271 850 3326 uxoris
876 3288 949 3325 mem
975 3271 1071 3327 eidem
1095 3273 1228 3329 ecclesis
1247 3282 1278 3330 et
1296 3276 1401 3332 eisdem

354 3355 505 3411 monacbis
523 3354 606 3410 dedit
624 3354 741 3426 quondo
759 3373 791 3410 ee
811 3354 843 3409 in
867 3355 971 3411 eedem
997 3356 1122 3412 ecclesis
1145 3358 1182 3412 nd
1200 3361 1402 3416 menscbotum

354 3439 493 3504 reddidit,
514 3445 544 3494 ct
562 3443 643 3493 certe
661 3457 715 3493 sue
732 3456 800 3494 cnm
819 3438 953 3495 omnibus
971 3440 1157 3512 pertinentiis
1175 3443 1239 3498 suis
1258 3450 1289 3499 et
1306 3444 1403 3499 liberis

354 3522 613 3580 consuetudinibus
625 3523 817 3578 confirmavit.
847 3522 981 3579 Concedo
994 3524 1083 3580 etiem
1094 3526 1245 3596 prmdictis
1256 3529 1402 3584 monacbis

355 3607 528 3681 praedictum
553 3606 737 3662 Eversrdum
763 3607 905 3679 quietum,
926 3613 957 3662 et
983 3614 1074 3664 totam
1100 3610 1252 3681 sequelam
1275 3630 1359 3668 susm
1376 3618 1403 3668 et

355 3710 456 3748 omnes
480 3690 613 3748 heredes
639 3708 718 3755 suos,
737 3697 771 3746 ut
795 3691 923 3747 hebesnt
947 3691 1027 3764 ipsos
1052 3698 1083 3748 et
1106 3694 1281 3766 praedictam
1299 3702 1403 3752 terrem

355 3776 478 3831 liberem
508 3780 539 3830 et
568 3775 698 3846 quietem
725 3775 761 3829 eb
792 3776 870 3830 omni
900 3776 1049 3832 exactione
1079 3784 1110 3833 et
1139 3781 1351 3836 consuetudine
1376 3788 1404 3836 et

355 3861 477 3917 servitio
495 3858 575 3931 quod
592 3859 630 3914 ed
646 3876 695 3913 me
712 3859 842 3931 pertinet
859 3866 889 3915 et
906 3860 943 3915 sd
960 3860 1093 3916 heoredes
1112 3880 1202 3929 meos,
1228 3865 1259 3920 in
1283 3866 1403 3921 liberem

354 3951 385 4000 et
414 3962 518 4018 punem
545 3943 735 3999 elemosinam
762 3949 792 3999 et
816 3950 998 4016 perpetuam.
1048 3946 1198 4003 Proeteres
1227 3966 1263 4002 ex
1289 3951 1403 4022 proprio

355 4027 429 4082 dono
447 4028 587 4092 concessi,
602 4033 632 4084 et
650 4028 788 4099 praesenti
807 4034 888 4083 corte
906 4046 972 4083 mes
989 4030 1169 4094 confirmavi,
1184 4032 1257 4097 Deo,
1272 4041 1304 4089 et
1315 4034 1404 4089 eidem

354 4112 495 4178 ecolesiae,
531 4119 562 4168 et
591 4112 703 4167 eisdem
731 4112 891 4178 monacbis,
918 4131 972 4184 pro
1003 4113 1101 4168 anime
1130 4115 1220 4171 Alani
1250 4116 1306 4173 filii
1335 4120 1401 4183 mei,

353 4196 490 4251 similiter
515 4196 546 4250 in
569 4195 702 4261 liberem,
729 4215 843 4268 puram,
871 4202 902 4253 et
924 4204 1098 4268 perpetuam
1124 4200 1326 4266 elemosinam,
1355 4221 1403 4258 sex

353 4280 487 4335 denarios
515 4298 588 4352 quos
615 4280 694 4336 idem
718 4280 886 4338 Eversrdus
903 4281 977 4337 mihi
995 4280 1031 4337 de
1058 4282 1161 4338 eedem
1185 4290 1267 4341 term
1284 4285 1404 4342 reddens

353 4365 514 4420 consuevit.

388 4448 464 4517 Quis
480 4466 551 4503 vero
577 4449 651 4504 hene
670 4450 888 4506 concessionem
906 4467 1002 4506 mecm
1021 4450 1156 4506 stsbilem
1168 4458 1200 4508 et
1211 4453 1327 4509 firmam
1340 4473 1403 4510 esse

351 4533 427 4596 volo,
455 4533 592 4603 praesenti
624 4539 713 4597 certe,
745 4534 839 4604 sigilli
869 4534 926 4589 mei
960 4534 1154 4605 impressione
1184 4537 1311 4603 munite,
1341 4556 1404 4593 eom

351 4617 532 4681 confirmavi,
553 4622 607 4672 ete.
811 4624 814 4628 ’
