3158 5610
349 756 416 821 362
637 765 887 816 csawmion
909 762 1119 813 nosssman

679 1025 851 1094 CCCLXI.
874 1026 926 1092 Dc
946 1025 1067 1092 codem.

387 1187 514 1244 Notum¹
533 1188 574 1243 sit
590 1187 737 1244 universis
754 1185 792 1241 ad
810 1205 884 1258 quos
909 1203 1039 1258 presens
1064 1184 1208 1256 scriptum
1224 1182 1409 1256 pervenerit,

250 1288 257 1300 ·
353 1274 431 1343 quod
449 1292 506 1344 ego
530 1272 677 1329 Henricus
702 1272 739 1326 de
766 1272 858 1327 Bown
883 1290 981 1327 comes
1008 1269 1203 1333 Horesosdiie¹
1230 1285 1286 1339 pro
1310 1266 1410 1322 salute

352 1358 456 1412 animai
476 1375 547 1412 meae
574 1364 605 1412 ot
631 1363 849 1412 antecessorum
874 1373 1017 1419 meorum,
1037 1353 1168 1409 concessi
1194 1360 1226 1408 et
1249 1353 1307 1407 hao
1331 1369 1409 1421 prae-

352 1441 427 1495 senti
458 1446 539 1496 carta
568 1458 634 1494 mea
663 1440 832 1495 confirmavi
862 1439 935 1504 Deo,
967 1446 998 1495 et
1027 1438 1159 1493 ccclesiae
1190 1436 1293 1492 Sancti
1324 1435 1410 1489 Petri

351 1523 552 1589 Gloucestrioo,
573 1531 603 1579 ct
620 1524 770 1579 monachis
794 1523 904 1578 ibidem
931 1523 994 1578 Deo
1019 1521 1226 1585 servientibus,
1244 1526 1341 1575 totam
1359 1519 1411 1573 do-

351 1608 497 1662 nationem
516 1615 546 1662 et
563 1609 780 1663 concessionem
799 1626 872 1678 quas
890 1607 1057 1662 Willelmus
1076 1607 1112 1661 dc
1131 1603 1317 1661 hetin-intono
1328 1603 1410 1657 lilius

351 1691 493 1746 Willclmi
520 1691 556 1746 do
582 1691 765 1748 Lettrintonc
790 1691 939 1764 praedictis
970 1691 1100 1746 ecclcsiae
1127 1696 1158 1745 et
1187 1688 1341 1744 monachis
1372 1687 1410 1741 de

352 1775 484 1830 tetrade
503 1775 687 1832 Lettrintonc
706 1794 771 1848 quae
790 1782 836 1832 est
853 1776 890 1831 de
909 1775 994 1829 feodo
1012 1792 1077 1829 mco
1095 1774 1167 1829 fecit
1184 1773 1216 1828 in
1233 1777 1411 1843 perpetuam

352 1859 552 1927 elemosinam,
593 1862 671 1916 siout
708 1861 739 1915 in
768 1859 901 1932 ejusdem
931 1858 1076 1914 Willelmi
1106 1857 1198 1913 cartis
1228 1856 1410 1919 continetur,

352 1945 433 2000 salvo
451 1945 525 1999 mihi
544 1951 574 2000 et
597 1945 764 2000 haeredibus
787 1945 863 1999 meis
887 1944 1031 1998 forinseco
1055 1942 1177 1997 servitio
1201 1946 1347 2011 quantum
1371 1939 1410 1993 ad

352 2029 433 2083 illam
452 2036 562 2084 terram
579 2029 709 2100 pertinet
727 2047 816 2101 quam
833 2027 984 2100 praedictis
1003 2025 1154 2081 monachis
1172 2026 1316 2096 prefatus
1333 2023 1409 2079 Wil-

353 2114 459 2170 lelmus
477 2114 559 2170 dedit
576 2121 607 2170 et
624 2115 768 2170 concessit
786 2132 839 2185 pro
856 2112 936 2169 omni
954 2111 1084 2168 servitio.

386 2199 426 2254 Et
445 2205 478 2254 ut
495 2199 558 2254 haic
576 2217 642 2254 mea
659 2198 808 2253 concessio
826 2204 891 2252 rata
909 2203 939 2250 et
956 2196 1129 2251 inconcussa
1145 2200 1409 2266 permanentem

353 2283 446 2354 sigilli
464 2283 523 2337 moi
541 2283 702 2338 munimine
720 2281 865 2337 roborati.
903 2280 973 2336 Hiis
990 2279 1125 2335 testibus.

682 2552 876 2621 oocLXH.
899 2553 949 2620 De
962 2551 1080 2620 eodem.

391 2713 492 2768 Sciant
508 2718 666 2784 praesentes
685 2723 716 2768 et
732 2712 835 2777 futuri,
856 2713 934 2782 quod
961 2731 1017 2783 ego
1042 2712 1190 2768 Bobertns
1215 2712 1252 2766 de
1281 2712 1409 2766 Lettrin·

255 2816 261 2827 ·
355 2805 431 2863 tone,
451 2797 529 2852 filins
547 2796 690 2854 Willelmi
708 2797 744 2851 de
765 2796 958 2862 Letnintone,
977 2815 1031 2867 pro
1048 2797 1144 2852 saluto
1161 2796 1268 2851 animm
1286 2814 1361 2850 meas
1379 2801 1409 2850 et

354 2888 570 2938 antecessorum
597 2899 739 2945 meorum,
766 2882 906 2946 concessi,
935 2887 965 2936 et
990 2882 1045 2937 hac
1070 2882 1208 2953 praesenti
1234 2887 1319 2936 carta
1344 2897 1409 2935 mea

354 2966 524 3020 confirmavi
543 2965 615 3029 Deo,
635 2972 665 3020 et
688 2964 821 3020 ecclesiae
850 2964 951 3020 Sancti
976 2965 1058 3020 Petri
1088 2965 1272 3030 Glooestrioe,
1292 2971 1323 3019 et
1348 2982 1408 3018 mo·

352 3050 452 3104 naohis
472 3049 580 3104 ibidem
599 3050 661 3103 Deo
689 3049 892 3114 servientibus,
913 3068 1013 3105 omnes
1040 3050 1209 3104 donationes
1235 3056 1267 3104 ct
1284 3066 1407 3104 conven-

354 3133 446 3187 tiones
478 3153 549 3203 quas
580 3140 663 3205 pater
699 3151 781 3187 meus
811 3133 979 3188 Willclmus
1009 3134 1045 3188 dc
1076 3135 1261 3189 Lettrintonc
1295 3133 1406 3188 eisdem

354 3217 502 3271 monachis
521 3218 611 3283 dedit,
632 3224 663 3271 et
687 3219 776 3272 cartis
802 3217 864 3271 suis
883 3217 1075 3281 confirmavit,
1095 3219 1126 3272 in
1153 3224 1242 3281 terra,
1263 3224 1295 3272 et
1312 3224 1405 3287 prato,

353 3306 383 3356 et
400 3302 496 3367 bosco,
523 3310 553 3357 et
579 3309 708 3374 pastura,
736 3308 766 3356 ct
790 3302 924 3357 omnibus
951 3302 1017 3357 aliis
1044 3303 1240 3373 pertinentiis,
1262 3302 1357 3373 plene,
1378 3309 1408 3355 et

353 3384 476 3458 integre,
497 3393 527 3442 et
543 3387 673 3458 pacifico,
693 3385 771 3440 sicut
798 3386 827 3440 in
853 3387 943 3441 coitis
969 3388 1062 3457 patris
1087 3387 1146 3441 mei
1172 3387 1291 3457 plenius
1317 3385 1407 3441 conti·

353 3476 448 3536 netur,
469 3471 532 3527 sine
550 3471 628 3525 omni
656 3471 803 3524 exactione
829 3471 878 3525 vol
904 3470 1047 3526 demtmda
1073 3471 1110 3526 od
1135 3488 1183 3525 mc
1201 3470 1249 3525 vel
1274 3469 1407 3525 haeredes

354 3575 433 3610 moos
457 3555 630 3625 pertinente,
651 3560 771 3625 excepto
796 3554 942 3610 forinseco
961 3555 1091 3619 semitm,
1111 3562 1142 3610 et
1165 3554 1257 3609 salvis
1279 3554 1353 3608 mihi
1377 3553 1408 3607 in

353 3648 474 3710 pastura
492 3640 637 3695 dictorum
655 3637 864 3693 monachorum
888 3639 982 3694 tribus
1007 3640 1125 3694 averiis.
1163 3637 1300 3694 Concedo
1319 3638 1407 3692 etiam

353 3724 434 3778 illam
452 3724 672 3779 conventionem
685 3739 772 3793 quam
791 3727 874 3792 pater
893 3740 975 3777 meus
994 3722 1144 3793 praedictis
1162 3722 1315 3777 monachis
1328 3722 1407 3786 fecit,

353 3808 466 3862 scilicet
495 3805 599 3879 [quod]
619 3805 655 3861 de
682 3813 761 3862 terra
786 3807 838 3861 illa
863 3826 928 3878 quw
954 3808 1026 3861 mihi
1056 3808 1199 3863 remansit
1223 3807 1255 3861 in
1274 3806 1347 3862 villa
1371 3806 1407 3860 de

353 3890 544 3957 Lettrintonc‚
563 3911 617 3948 nec
644 3891 733 3947 alicui
758 3891 890 3955 vendam,
917 3893 1179 3957 necescemblam,
1199 3892 1303 3947 necin
1329 3892 1408 3947 vadi·

353 3973 482 4026 monium
500 3976 624 4042 tradam,
645 3976 703 4032 nisi
722 3976 795 4046 ipsis
813 3977 973 4042 monachis,
993 3977 1040 4032 vel
1059 3995 1111 4048 per
1130 3995 1232 4032 corum
1251 3976 1408 4032 consilium

353 4059 383 4108 et
400 4055 590 4114 voluntatem.

388 4137 427 4192 Et
444 4146 478 4195 ut
495 4142 553 4197 ista
570 4162 637 4199 men
655 4143 813 4212 concessi0,
834 4151 889 4201 etc.

357 4322 409 4330 -.

695 4332 1310 4342 ——m——ss-——m
1320 4337 1370 4343 —
1379 4338 1388 4342 -

388 4453 393 4482 ¹
412 4453 444 4504 In
455 4455 498 4508 the
509 4459 606 4527 margin
624 4461 684 4512 herc
703 4459 726 4512 ls
746 4452 856 4513 inserted
904 4461 1089 4512 “continuatio
1100 4458 1200 4514 comitis
1209 4463 1355 4516 Herfonli
1364 4482 1408 4532 pro

354 4530 403 4582 this
424 4542 483 4586 note
505 4538 531 4587 in
554 4556 570 4590 a
590 4542 652 4592 later
667 4542 752 4592 band:
771 4541 857 4593 “Alia
905 4541 1185 4594 “Lettrintonevocati
1198 4544 1308 4596 Bown.'’
1326 4546 1408 4614 (Sic)
