3158 5610
332 746 397 808 358
621 754 871 805 clarummane
894 752 1107 805 ueaasruuu

331 932 419 995 mavi,
439 948 492 1000 pre
514 931 609 987 salute
634 931 739 987 animae
766 948 840 985 mear
867 938 898 984 et
924 928 1088 985 animarum
1113 930 1335 982 antecessorum
1361 936 1395 978 et

331 1014 481 1069 haeredum
499 1032 641 1079 meorum,
661 1014 725 1069 Deo
750 1021 780 1069 ot
807 1014 940 1070 eeclesiae
962 1012 1061 1068 Sancti
1080 1010 1163 1066 Petri
1182 1008 1392 1073 Gloueestrioe,

332 1104 363 1153 et
380 1099 531 1154 monachis
550 1099 659 1154 ibidem
678 1099 741 1153 Dee
760 1099 966 1162 servientibus,
986 1103 1079 1153 totam
1105 1106 1216 1151 terram
1243 1110 1342 1148 meam
1361 1097 1395 1147 et

332 1187 426 1238 totum
445 1184 563 1238 feodum
582 1201 681 1238 meum
700 1184 731 1237 in
749 1182 942 1246 Lettriutone,
961 1187 1022 1236 tam
1039 1181 1162 1235 boscum
1179 1197 1281 1233 meum
1300 1193 1392 1247 quam

333 1266 414 1321 aliud
439 1266 556 1322 feodum
581 1284 689 1331 meum,
718 1284 786 1322 eum
811 1267 946 1322 omnibns
972 1263 1156 1336 pertinentiis
1181 1262 1254 1326 suis,
1275 1260 1394 1315 scilieet

335 1351 476 1422 quiequid
493 1351 535 1406 ibi
553 1351 641 1406 habui
662 1351 707 1405 vel
732 1351 840 1405 habere
864 1351 946 1422 potui
974 1350 1005 1403 in
1029 1348 1102 1405 villa
1128 1354 1160 1403 et
1183 1354 1268 1403 extra
1285 1345 1392 1401 villam

335 1435 397 1489 sine
416 1435 515 1505 ulique
533 1434 735 1499 retinemento,
756 1440 875 1505 excepto
895 1431 1047 1503 mesuagio
1070 1431 1200 1503 capitoli,
1220 1436 1251 1485 et
1268 1434 1394 1500 excepta

336 1518 491 1574 medietate
510 1517 649 1574 dominici
667 1520 735 1584 mei,
756 1519 870 1574 seilicet
893 1537 951 1574 una
976 1518 1094 1589 virgata
1110 1524 1197 1573 terrm
1216 1521 1246 1570 et
1264 1514 1394 1569 dimidia

335 1621 402 1657 oum
419 1614 540 1674 pastura
558 1603 595 1658 od
608 1608 718 1658 tantam
736 1608 844 1658 terram
862 1603 1043 1674 pertineat03
1064 1600 1197 1655 habenda
1214 1607 1245 1654 et
1263 1597 1394 1652 tenenda

334 1685 445 1741 eisdem
463 1686 561 1741 abbati
579 1693 610 1742 et
634 1686 789 1743 conventui
815 1694 846 1742 ot
870 1704 970 1741 eorum
997 1684 1215 1740 suecessoribus
1234 1683 1272 1737 de
1292 1688 1393 1736 meet

333 1770 497 1827 haeredibus
515 1770 589 1825 meis
607 1771 639 1824 in
656 1778 827 1842 perpetuam
845 1770 1044 1833 elemosinam,
1058 1769 1189 1824 faciende
1208 1768 1391 1823 forinsecam

332 1855 487 1909 servitium
506 1860 649 1925 quantum
667 1855 704 1908 ed
722 1862 816 1910 terras
842 1862 872 1909 et
897 1854 982 1909 feoda
1006 1871 1071 1924 qua>
1089 1854 1133 1909 eis
1160 1851 1227 1907 dedi
1245 1850 1389 1923 pertinet,

332 1956 384 2009 pro
411 1939 490 1994 omni
517 1939 660 2004 servitio;
690 1945 720 1994 et
746 1957 802 2008 ege
829 1944 860 1993 et
888 1937 1020 1992 haeredes
1045 1937 1104 1991 mai
1129 1935 1390 1991 warantizabimus

330 2023 441 2079 eisdem
476 2023 574 2079 abbati
605 2032 635 2078 et
658 2022 823 2087 couventui,
849 2029 880 2078 et
903 2041 1005 2079 eorum
1031 2021 1262 2085 suecessoribus,
1295 2027 1391 2075 tetam

330 2108 499 2178 praedictam
527 2114 636 2162 terram
663 2114 693 2162 et
720 2113 814 2162 tetum
843 2107 1018 2176 praedictum
1048 2105 1165 2160 foedam
1196 2122 1264 2159 eum
1296 2104 1389 2174 perti·

331 2193 437 2247 nontiis
456 2190 534 2263 quod
552 2191 594 2245 eis
614 2190 681 2244 dedi
700 2195 802 2246 eontra
819 2208 920 2245 omnes
939 2196 1041 2261 gentes
1061 2190 1297 2259 inperpetuum.
1348 2186 1391 2241 Et

331 2276 482 2332 sciendum
509 2276 588 2345 qaod
613 2293 668 2346 ogo
692 2276 860 2331 Willelmus
895 2293 949 2331 000
977 2275 1060 2338 dabo,
1087 2293 1141 2329 uee
1167 2273 1304 2337 vendam,
1333 2289 1390 2326 000

331 2360 485 2414 invadiabo
515 2359 645 2430 aliquam
675 2366 788 2429 partem
819 2359 900 2415 illius
930 2364 1018 2415 terrai
1051 2376 1117 2429 qum
1144 2357 1218 2412 mihi
1252 2362 1391 2411 remanet

330 2443 428 2508 alicui,
454 2443 512 2499 uisi
538 2442 686 2514 praedietis
712 2442 873 2508 monachis,
892 2443 940 2498 vel
966 2461 1019 2514 per
1044 2459 1145 2497 eorum
1169 2440 1329 2496 eonsilium
1356 2448 1391 2494 et

330 2527 519 2582 solenitatem.

365 2612 405 2666 Et
433 2620 467 2668 ut
496 2612 558 2666 haee
588 2610 797 2666 mea-donatio
823 2617 854 2667 et
880 2611 1030 2666 concessio
1056 2616 1121 2666 rate
1152 2609 1192 2665 sit
1221 2615 1253 2663 et
1284 2607 1387 2663 ineen-

329 2714 415 2750 eussa
439 2701 615 2767 permaneat,
644 2714 708 2750 eam
737 2693 830 2767 sigilli
856 2695 915 2749 mei
941 2694 1104 2750 munimine
1128 2692 1275 2749 roboravi.
1316 2692 1388 2747 Hiis

329 2780 463 2836 testibus.

651 2947 845 3015 OCOLVII.
867 2947 917 3014 De
938 2946 1058 3015 eodem

366 3075 467 3132 Sciant
500 3083 658 3148 praesentes
689 3085 719 3133 et
747 3078 848 3141 futuri,
878 3077 955 3147 qaod
980 3095 1035 3148 ego
1059 3075 1228 3131 Willelmas
1254 3076 1292 3130 de
1317 3076 1386 3131 Let

233 3175 238 3187 ·
329 3159 467 3215 trinttone
493 3162 571 3215 lilius
589 3161 732 3217 Willelmi
758 3162 794 3215 do
823 3161 1006 3216 Lettrintono
1032 3160 1099 3215 dedi
1126 3166 1157 3215 01
1183 3161 1327 3224 concessi,
1355 3169 1387 3215 et

328 3243 382 3299 liae
410 3247 545 3315 praesenti
574 3252 653 3301 carta
681 3265 745 3300 mea
761 3246 940 3310 confirmavi,
961 3246 1031 3307 Dee,
1060 3251 1090 3299 et
1119 3245 1250 3300 ecelesia}
1283 3245 1385 3300 Sancti

329 3329 409 3383 Petri
424 3329 625 3395 (lloueestriae,
646 3337 676 3384 et
693 3330 843 3384 monachis
862 3330 971 3384 ibidem
986 3329 1049 3384 Deo
1068 3329 1275 3393 servientibus,
1295 3346 1385 3382 00100

329 3413 474 3483 virgatam
501 3422 586 3469 terre
611 3432 679 3469 eam
706 3414 890 3485 pertiuentiis
918 3415 949 3467 iu
968 3413 1149 3468 Lettm'nteae
1175 3430 1262 3482 qamn
1288 3413 1386 3467 Here·

329 3498 430 3553 bertas
449 3501 552 3563 tenuit,
573 3505 602 3553 01
627 3517 713 3552 anam
738 3499 884 3569 virgatam
910 3504 997 3552 terra)
1025 3515 1112 3568 (luam
1130 3496 1281 3551 Walterus
1300 3496 1336 3551 de
1357 3497 1387 3551 la

330 3582 424 3636 Cheru
443 3592 473 3639 et
490 3584 638 3638 Alaredas
657 3583 692 3637 de
712 3583 867 3652 Lamputte
886 3591 917 3637 et
934 3582 1083 3637 Aluredas
1099 3581 1217 3652 juvenis
1237 3586 1267 3635 01
1286 3581 1384 3635 Adara

329 3669 528 3737 carpentarius
554 3667 710 3737 aliquando
736 3673 894 3721 tenuerunt
920 3667 949 3719 in
975 3666 1076 3719 eadem
1096 3665 1166 3720 villa
1190 3665 1229 3719 ad
1255 3666 1382 3728 firmam,

328 3758 358 3804 et
375 3770 463 3805 mmm
481 3754 627 3823 virgatam
644 3758 730 3805 terrm
749 3768 837 3820 quam
848 3750 997 3804 aluredus
1009 3749 1100 3804 Baret
1116 3748 1213 3804 tenuit
1231 3749 1262 3803 in
1280 3738 1399 3803 eadem¹

328 3834 409 3898 villa,
439 3837 552 3892 seilicet
577 3843 671 3891 tetum
694 3835 745 3905 jas
772 3834 851 3904 quod
875 3852 931 3903 ego
955 3834 1003 3888 vel
1029 3832 1159 3887 heoredes
1184 3833 1244 3887 moi
1273 3824 1305 3887 iri
1333 3833 1385 3887 illa

329 3917 445 3987 virga-ta
474 3927 559 3974 terrm
590 3920 744 3974 habuimus
772 3919 820 3973 vel
847 3918 953 3973 habere
985 3918 1142 3988 potuimus,
1170 3924 1200 3971 et
1228 3917 1384 3972 servitiam

330 4001 416 4053 arrius
447 4004 569 4072 uirgatae
599 4012 685 4060 terrai
716 4022 784 4057 eum
808 4003 993 4074 pertinentiis
1022 4002 1126 4074 qaam¹
1153 4001 1328 4073 liudulphus
1347 4001 1385 4055 de

329 4084 465 4154 Iqugrie
484 4088 579 4143 tenuit
596 4090 627 4143 in
645 4088 747 4144 eadem
764 4088 846 4153 villa,
866 4095 897 4144 et
922 4087 1063 4159 quiequid
1089 4105 1144 4157 ego
1171 4086 1201 4141 ia
1224 4104 1259 4141 ea
1280 4086 1382 4149 habui,

329 4171 376 4223 vel
407 4173 547 4245 quiequid
580 4195 636 4246 ego
666 4177 712 4231 rel
744 4175 875 4231 hauedes
906 4176 965 4230 mei
996 4175 1094 4246 aliquo
1124 4180 1255 4244 tempore
1287 4175 1319 4228 in
1348 4192 1384 4229 ea

328 4253 435 4308 habere
462 4276 622 4328 possemus.
661 4261 699 4315 Et
723 4268 866 4330 praeterea
893 4256 961 4314 dedi
992 4260 1035 4313 eis
1066 4258 1220 4313 sera’itium
1250 4257 1382 4312 dimidiae

328 4338 449 4407 virgata
474 4353 559 4398 terrm
590 4362 658 4400 eum
687 4345 870 4415 pertinentiis
901 4344 932 4398 10
962 4343 1064 4398 eadem
1094 4343 1165 4397 villa
1195 4360 1285 4413 quum
1314 4341 1383 4397 Gila

327 4421 417 4477 vidua
439 4429 541 4493 tenuit,
564 4436 593 4483 01
619 4429 772 4484 servitium
792 4428 923 4483 dimidiae
941 4428 1065 4499 virgatae
1084 4433 1171 4483 terrae
1197 4445 1264 4482 cum
1291 4426 1382 4497 perti·

331 4552 514 4564 ----—...-....-
649 4560 794 4568 ..—.-—-.—-
825 4559 885 4566 ——-
907 4560 975 4567 ...-
991 4560 1047 4565 „v—
1061 4559 1082 4565 .-
1095 4556 1224 4564 -.-..—.

760 4644 767 4674 ¹
785 4640 861 4708 qaas]
881 4642 938 4694 MS.
