3158 5610
349 714 415 778 :nu
641 730 893 780 enarummun
916 729 1128 780 ueussrsmr

351 901 411 965 eis;
433 899 548 955 seilicet
566 899 752 954 Glasburium
779 901 809 954 iu
835 901 921 956 bosco
947 908 977 956 et
1001 901 1031 954 iu
1059 901 1154 972 plone,
1177 918 1247 955 eum
1273 899 1416 955 omnibus

352 983 536 1055 pertinentiis
556 984 626 1047 suis,
647 984 801 1039 eeclesiam
815 984 915 1039 Sancti
928 984 1059 1040 Kenedri
1078 985 1109 1039 in
1127 983 1231 1039 eedem
1249 983 1326 1039 villa
1344 1002 1416 1038 curu

351 1069 437 1123 terris
456 1075 486 1122 et
503 1068 625 1122 decimis
644 1074 674 1122 et
691 1069 825 1123 omnibus
844 1069 881 1123 ad
900 1086 963 1124 eam
981 1068 1206 1140 pertinentibus,
1220 1074 1252 1124 et
1263 1067 1415 1123 decimam

354 1151 443 1205 totius
462 1150 602 1206 dominii¹
622 1151 658 1206 de
677 1151 868 1222 Breheynsuc
886 1161 916 1206 et
934 1151 970 1206 de
988 1151 1118 1223 Talgard
1135 1150 1222 1206 etde
1240 1151 1415 1219 Lsmmcys,

352 1235 464 1290 scilicet
490 1253 619 1298 annonae,
648 1253 795 1304 pecorum,
815 1253 968 1306 agnorum,
997 1234 1168 1299 vitulorum,
1196 1234 1411 1306 pameliorum,

351 1337 511 1382 esseorum,
531 1319 605 1372 lanus
624 1328 654 1374 et
672 1319 735 1383 lini,
755 1319 846 1374 totius
864 1320 952 1374 etiam
971 1318 1123 1374 occisionis
1152 1318 1209 1383 sui,
1229 1336 1266 1372 ex
1291 1318 1416 1389 proprio

354 1403 417 1456 siro
430 1421 464 1456 ex
477 1410 583 1473 empto,
599 1402 660 1456 sire
674 1402 804 1473 quolibet
816 1403 902 1457 modo
915 1402 1059 1473 acquisitu
1071 1401 1170 1466 luerit,
1184 1408 1215 1456 et
1232 1400 1414 1464 venationis,

351 1487 506 1551 coriorum,
527 1486 633 1550 mellis,
654 1492 684 1540 et
702 1486 899 1557 anguillarum
919 1486 955 1539 dc
974 1485 1066 1549 Mara,
1082 1494 1112 1540 et
1129 1485 1262 1541 omnium
1281 1484 1413 1540 aliarum

351 1588 449 1624 rerum
467 1570 503 1622 de
523 1569 628 1640 quibus
647 1569 767 1623 decimes
786 1569 849 1622 dari
869 1568 983 1623 debent.
1022 1567 1097 1624 Volo
1116 1569 1219 1640 utique
1238 1575 1269 1623 et
1285 1570 1415 1622 tirmiter

351 1653 487 1723 prrceipio
506 1653 643 1724 quatinus
662 1653 816 1722 praedictas
835 1651 963 1706 decimos
982 1652 1066 1722 plene
1086 1657 1116 1707 et
1133 1653 1264 1723 perlecw
1283 1652 1416 1706 babeant

351 1737 516 1807 quicunque
530 1744 638 1790 terrem
651 1735 772 1790 dominii
786 1736 842 1792 mei
856 1735 1007 1799 coluerint,
1023 1736 1111 1791 sicuti
1128 1736 1236 1791 melius
1249 1745 1280 1790 et
1292 1735 1413 1807 plenius·

353 1821 516 1874 imbuerunt
541 1819 589 1873 die
615 1826 645 1873 et
670 1838 744 1873 atino
772 1838 829 1890 quo
855 1836 905 1872 rex
924 1820 1072 1874 Henricus
1099 1820 1185 1874 rivus
1214 1826 1244 1874 et
1272 1828 1410 1874 mortuus

352 1905 417 1961 l'uit.
438 1910 467 1958 et
480 1912 608 1974 tempore
622 1903 741 1957 Milonis
760 1903 875 1958 comitis
894 1904 985 1974 patris
1004 1904 1071 1957 mei.
1105 1904 1179 1958 Heoc
1198 1904 1293 1975 igitur
1312 1905 1413 1958 omnis

352 1987 499 2059 pruedictis
525 1987 674 2042 monachis
699 1987 800 2052 libere,
828 1994 858 2041 et
888 1988 996 2058 quiete,
1024 1993 1054 2042 et
1083 1988 1252 2052 honorifice,
1283 1988 1313 2042 in
1346 2006 1409 2059 per·

352 2079 469 2140 petuam
482 2071 679 2134 elemosinam,
694 2089 745 2141 pro
758 2071 855 2124 ultima
867 2071 958 2142 patris
977 2071 1035 2124 moi
1048 2079 1079 2127 et
1096 2071 1248 2126 haeredum
1265 2091 1407 2136 nieorum,

354 2154 489 2223 praesenti
508 2154 617 2224 scripto
636 2161 665 2208 et
683 2154 776 2224 sigilli
789 2154 847 2208 mei
866 2154 1050 2209 attestatione
1069 2154 1197 2210 concedo
1209 2166 1241 2211 et
1252 2158 1409 2220 conlirmo;

354 2239 473 2307 iusuper
491 2245 521 2292 et
546 2237 699 2292 ecclesiam
723 2238 759 2291 de
779 2237 884 2302 Caura,
905 2256 971 2293 eum
997 2239 1132 2293 omnibus
1156 2259 1223 2310 quis
1250 2240 1288 2294 sd
1316 2241 1410 2310 ips-em

355 2322 509 2392 pertinent,
530 2328 560 2374 et
578 2338 665 2374 umuu
683 2321 791 2391 hydam
811 2340 876 2392 epure
895 2328 1014 2378 vocatur
1033 2323 1139 2378 Beebe..
1179 2324 1250 2379 Iliis
1274 2324 1409 2378 testibus.

517 2505 761 2570 uOLxxxvl.
785 2505 834 2570 Dc
856 2505 1055 2572 rraolcruliuo
1077 2506 1118 2572 de
1137 2508 1234 2572 (lure.

184 2637 337 2687 Ol'rhemill
387 2627 498 2681 Notum
511 2628 550 2681 sit
568 2633 627 2681 tani
641 2627 833 2695 prrcseutibus
847 2645 934 2697 <liram
947 2628 1065 2691 suturis,
1080 2627 1158 2698 quad
1171 2645 1229 2698 ego
1241 2627 1410 2682 Alexander

182 2704 296 2756 athrc.
352 2712 387 2765 ‹lc
413 2712 584 2765 Cormeillcs
615 2710 720 2765 donari
751 2710 882 2765 ecclesius
911 2710 1010 2765 Sancti
1041 2710 1123 2766 Petri
1152 2710 1350 2767 Gloucestriro
1381 2725 1410 2766 et

352 2796 500 2850 mouschis
520 2795 629 2848 ibidem
648 2795 710 2848 Deo
729 2794 935 2858 servientibus,
956 2794 1156 2849 molendinum
1181 2795 1218 2849 de
1239 2795 1318 2850 Genu
1343 2814 1408 2849 curn

352 2879 485 2933 ominbus
505 2879 689 2949 pertiuentiis
709 2879 780 2941 suis,
801 2878 926 2932 liberum
946 2878 982 2932 ob
1001 2879 1080 2933 omni
1097 2878 1221 2932 servitio
1240 2885 1271 2933 et
1289 2897 1410 2933 consuc-

352 2962 462 3026 tudine,
483 2963 703 3032 inperpetuum
722 2961 920 3025 elemosinam,
936 2979 989 3032 pro
1008 2961 1106 3016 anima
1117 2969 1233 3017 menet
1257 2962 1410 3017 animabus

352 3054 567 3100 autecessorum
586 3063 727 3099 meorum.

388 3130 472 3184 Hunc
492 3129 675 3183 donationem
696 3129 761 3194 l'eei,
782 3136 925 3199 prieseute
946 3129 1073 3183 Risui-do
1092 3131 1182 3183 fratrc
1203 3148 1269 3184 meo
1288 3139 1319 3184 et-
1346 3150 1411 3185 eon·

352 3214 503 3267 sentiente.

389 3299 481 3364 (lutam
502 3298 637 3366 quonium
658 3300 770 3350 lirumm
790 3305 819 3351 et
844 3297 978 3351 stabilem
999 3296 1026 3349 iu
1053 3303 1228 3367 perpetuum
1249 3318 1314 3351 esse
1335 3299 1409 3361 rulo,

355 3382 505 3451 proesentis
518 3388 605 3435 curtae
619 3381 804 3435 attestatione
816 3388 846 3435 et
865 3381 955 3451 sigilli
977 3382 1034 3434 mei
1055 3382 1247 3451 impressione
1260 3384 1409 3438 confirmo.

639 3563 900 3630 CCLXXXVII.
925 3565 972 3630 lu
996 3566 1115 3630 eodem.

394 3679 494 3733 tiriuut
513 3686 671 3750 presentes
690 3687 720 3734 et
741 3681 842 3743 futuri,
864 3681 940 3751 quod
960 3699 1015 3751 ego
1028 3681 1196 3735 Willelmus
1218 3682 1412 3737 Mareseullus

357 3780 453 3816 eruues
473 3763 509 3816 dc
528 3764 690 3817 Pcmbrokc
710 3766 850 3827 concessi,
871 3774 900 3819 et
921 3766 975 3819 hac
997 3765 1135 3836 praesenti
1154 3770 1235 3820 cartu
1261 3784 1327 3820 meu
1345 3787 1412 3821 eon·

357 3847 479 3908 liruuui,
501 3847 562 3901 Deo
582 3854 611 3901 et
629 3848 760 3902 ecclesian
775 3849 874 3902 Sancti
888 3849 969 3903 Petri
990 3848 1193 3911 Gloucesntae,
1215 3857 1244 3904 et
1262 3852 1413 3906 monacbis

356 3929 464 3982 ibidem
484 3930 546 3984 Deo
566 3932 771 3991 servientibus.
795 3932 995 3986 molendinum
1021 3933 1056 3986 dc
1077 3932 1164 3997 Garc,
1185 3951 1253 3987 cum
1275 3942 1358 3988 scetes
1385 3943 1414 3989 et

355 4014 480 4066 moltura
510 4015 599 4069 totius
631 4015 710 4069 villae
743 4015 779 4068 de
807 4016 927 4070 custello
959 4015 1102 4080 G0d1·ici‚²
1133 4025 1254 4087 excepta
1286 4018 1414 4072 moltura

356 4096 447 4165 ipsius
467 4097 590 4162 castelli,
611 4106 726 4152 etcum
746 4106 826 4153 secta
844 4110 874 4153 et
898 4100 1026 4153 moltura
1045 4100 1135 4154 totius
1154 4100 1234 4154 villae
1253 4101 1291 4154 de
1311 4102 1412 4156 Heud-

354 4198 428 4245 sum,
450 4189 564 4236 etcum
583 4182 716 4236 omnibus
736 4183 921 4253 pertinentiis
942 4183 1073 4252 ejusdem
1093 4184 1264 4240 molendini.
1286 4184 1412 4238 liberum

298 4314 302 4324 .
353 4288 382 4329 et
401 4278 532 4346 quietum
551 4279 587 4331 ab
612 4278 690 4331 omni
716 4278 925 4332 cousuetudine
945 4288 974 4332 et
1002 4279 1123 4334 servitio
1150 4286 1180 4334 et
1205 4279 1351 4335 demanda
1378 4282 1413 4335 (le

354 4378 399 4413 mc
419 4370 448 4415 et
472 4362 506 4415 dc
530 4362 694 4414 haeredibus
720 4363 792 4415 meis
823 4363 851 4415 iu
878 4370 1061 4432 perpetuum,
1084 4364 1113 4416 iu
1141 4364 1265 4417 liberum
1291 4376 1319 4419 et
1350 4385 1413 4436 per·

388 4535 392 4561 ¹
411 4532 522 4598 ‹buriuiiJ
542 4536 646 4594 domini,
659 4536 714 4584 MS.
908 4539 932 4585 iu
946 4554 958 4586 a
973 4540 1035 4588 luter
1047 4540 1113 4589 buud
1123 4539 1174 4588 this
1183 4548 1240 4589 note
1253 4560 1259 4590 :
1274 4548 1289 4568 “
1299 4542 1414 4591 Decimae

385 4613 394 4639 ”·’
412 4611 440 4658 ln
454 4611 496 4661 the
514 4615 610 4678 margin
629 4616 686 4665 bere
707 4615 728 4663 is
745 4616 852 4667 inserted
906 4628 921 4643 ⁴·
940 4619 971 4666 de
983 4619 1086 4667 castello
1098 4619 1228 4670 (ledrieiff'
