3158 5610
194 1240 270 1293 Oftlr

191 1323 268 1359 same

193 1649 283 1700 ottho

191 1731 267 1769 same.

366 814 432 876 384
667 819 917 873 canrnmnwn
938 819 1149 871 nosternon

701 1095 877 1165 cccciv,
900 1093 951 1163 ne
973 1094 1093 1162 aeta
1152 1065 1156 1070 ’

401 1235 503 1292 Sciant
520 1238 680 1306 praesentes
698 1239 728 1289 et
745 1233 849 1298 futuri,
869 1232 937 1289 etc.¹

714 1499 868 1568 OCCOV.
892 1500 941 1566 De
964 1497 1083 1565 eodem.

398 1647 501 1705 Sciant
517 1655 678 1720 praesentes
696 1654 727 1703 et
744 1647 848 1712 futuri,
868 1646 947 1718 qnod
974 1662 1030 1716 ego
1057 1643 1213 1700 Galfridus
1241 1642 1278 1697 de
1306 1639 1425 1696 Ledeue

361 1733 503 1796 concessi,
523 1738 554 1788 et
588 1732 726 1805 proesenti
744 1740 825 1787 carta
842 1747 909 1785 mea
926 1730 1107 1793 confirmavi,
1127 1727 1226 1783 abbati
1252 1732 1283 1781 et
1301 1742 1428 1780 conven-

360 1816 406 1870 tui
425 1815 526 1871 Sancti
539 1816 621 1871 Petri
641 1815 844 1879 Gloncestriae,
861 1811 966 1885 [totam
978 1819 1088 1868 terram
1105 1829 1202 1866 meam
1216 1828 1282 1881 qnae
1301 1816 1425 1864 vocatur·

361 1898 646 1956 Hutorwardeslowe
655 1895 980 1968 etInnerwardeslowe]
991 1895 1002 1929 ²
1013 1914 1081 1952 cum
1088 1895 1224 1951 omnibns
1236 1893 1425 1965 pertinentiis

361 2000 472 2047 carum,
492 1983 575 2038 illam
593 1983 708 2039 scilicet
720 2001 786 2054 quae
801 1982 883 2054 jacet
894 1979 971 2053 apud
982 1979 1149 2036 Hinledene
1161 1979 1240 2034 inter
1254 1978 1424 2033 cheminum

361 2066 462 2137 rogale
491 2083 596 2122 versus
626 2065 834 2121 Heresordiam
860 2070 890 2119 et
917 2071 1034 2136 pratum
1061 2080 1161 2118 meum
1190 2059 1271 2133 qnod
1300 2068 1424 2116 vocatur

361 2149 593 2214 Muchelemede,
614 2167 687 2221 quas
705 2154 800 2204 terras
819 2148 911 2219 Hngo
937 2147 1015 2203 filins
1045 2164 1130 2203 meus
1157 2145 1202 2201 eis
1220 2145 1253 2199 in
1269 2160 1376 2216 puram
1394 2152 1425 2197 et-

362 2238 533 2304 perpetnam
552 2233 742 2289 elemosinam
767 2231 859 2298 dedit,
888 2237 920 2287 et
944 2237 1027 2286 carta
1053 2247 1107 2286 sna
1131 2228 1328 2291 confirmavit,
1349 2227 1425 2282 sicut

362 2315 393 2370 in
411 2316 500 2371 cartis
519 2316 653 2388 ejusdem
671 2315 810 2386 Hngonis
836 2314 1022 2380 continetur-3
1048 2312 1190 2369 tenendae
1216 2317 1248 2366 et
1273 2310 1423 2366 habendas

362 2399 393 2453 in
410 2399 544 2465 liberam,
564 2416 680 2471 puram,
700 2405 731 2454 et
747 2403 922 2470 perpetuam
949 2398 1149 2461 elemosinam,
1177 2396 1210 2451 in
1235 2401 1422 2466 perpet-num,

362 2481 452 2537 salvis
470 2490 597 2554 quatuor
614 2482 743 2536 denan'is
761 2481 902 2553 predicto
914 2481 1037 2553 Engoni
1055 2487 1085 2536 et
1101 2479 1270 2535 haeredibus
1289 2479 1354 2533 suis
1371 2495 1424 2549 pro

361 2566 497 2621 omnibns
516 2566 647 2622 servitiis
665 2571 696 2621 et
714 2565 904 2621 saecularibus
923 2564 1075 2620 demendis
1093 2562 1245 2619 annuatim
1257 2562 1297 2617 ad
1316 2562 1423 2617 festum

363 2647 462 2703 Sancti
481 2649 636 2705 Michaelis
654 2648 867 2720 persolvendis,
888 2654 943 2704 etc.

700 2920 875 2988 ccccvi
898 2921 949 2987 De
971 2921 1090 2988 eodem

401 3068 501 3125 Sciant
518 3076 677 3141 praesentes
696 3078 727 3127 ct
744 3073 847 3136 futuri,
868 3072 947 3144 qnod
965 3089 1021 3141 ego
1049 3069 1201 3126 Gallridns
1230 3070 1266 3123 de
1296 3068 1421 3131 Lcdene,

363 3170 417 3223 pro
435 3154 529 3208 salute
548 3156 653 3209 animae
671 3173 744 3210 meae
764 3163 794 3210 ct
811 3157 942 3211 omnium
961 3161 1179 3211 antecessorum
1197 3171 1342 3215 meorum,
1356 3152 1422 3206 dodi

363 3244 394 3291 et
412 3239 552 3301 concessi,
572 3244 603 3293 et
620 3240 758 3309 praesenti
778 3245 859 3294 carta
876 3257 943 3294 mea
960 3238 1140 3301 confirmavi,
1160 3237 1234 3301 Deo,
1249 3244 1280 3292 et
1292 3237 1422 3290 ecclesian

364 3320 464 3374 Sancti
482 3320 565 3375 Petri
584 3321 787 3387 Gloncestrias,
802 3331 832 3377 et
850 3323 1001 3378 monachis
1014 3321 1124 3376 ibidem
1137 3320 1201 3375 Deo
1214 3320 1421 3380 servientibus,

362 3420 467 3457 novem
485 3421 567 3458 acras
585 3410 674 3460 terras
686 3405 808 3460 arabilis
827 3424 893 3476 quse
912 3424 944 3461 se
968 3405 1128 3461 extendunt
1150 3422 1255 3460 versus
1274 3403 1423 3458 Mnchele-

362 3486 457 3549 mede,
476 3505 544 3541 cnm
570 3487 704 3543 omnibus
730 3489 918 3559 pertinentiis
944 3489 1025 3554 suis3
1050 3487 1192 3544 tenendas
1220 3493 1251 3543 et
1275 3486 1422 3541 habendas

361 3567 398 3623 de
416 3587 463 3623 me
482 3576 513 3625 et
530 3570 696 3625 haeredibus
714 3571 790 3626 meis
808 3572 840 3625 in
858 3590 964 3643 puram
982 3579 1013 3629 et
1030 3578 1203 3644 perpetuam
1221 3572 1421 3627 elemosinam.

361 3657 392 3706 ct
409 3653 533 3707 liberam
545 3654 582 3708 ab
594 3654 732 3709 omnibus
745 3656 886 3720 servitiis,
902 3656 1174 3720 consuetudinibus,
1189 3662 1220 3710 et
1232 3654 1422 3710 saecularibus

360 3735 513 3792 demendis
532 3755 598 3808 qnae
616 3738 653 3792 de
671 3743 752 3793 terra
769 3747 877 3794 exeunt
893 3740 942 3794 vel
967 3741 1046 3794 exire
1071 3745 1219 3811 poterunt.
1271 3738 1337 3808 Ego
1354 3754 1424 3793 vcro

361 3817 512 3874 Galfridus
531 3827 562 3876 et
573 3822 704 3876 haeredes
717 3823 775 3876 mei
788 3823 961 3893 praedictam
973 3831 1082 3879 terram
1104 3822 1253 3894 praedictis
1273 3822 1424 3876 monachis

361 3907 464 3956 eontra
481 3920 582 3959 omnes
602 3904 735 3960 homines
754 3912 785 3961 et
802 3906 939 3963 foeminas
958 3909 990 3962 in
1016 3913 1194 3979 perpetuum
1221 3904 1425 3962 warantizabi-

360 3997 436 4047 mus,
469 3992 507 4123 etto
524 3987 560 4041 de
588 3989 666 4042 omni
694 3988 816 4045 servitio
842 3996 904 4045 tam
930 3992 1014 4062 regio
1043 4009 1132 4062 qnam
1166 3990 1226 4045 alio
1260 3989 1423 4060 aquietabi·

361 4080 437 4128 mne,
461 4084 477 4121 e
510 4111 516 4123 .

368 4231 564 4246 -—---..-.-

898 4247 917 4251 ⁷-
943 4246 1025 4252 -——
1041 4242 1422 4252 ——.-—..-..-..—.—--—.-

397 4340 403 4370 ¹
422 4341 485 4394 This
496 4347 519 4396 is
530 4363 546 4398 a
556 4352 690 4414 repetition
703 4353 783 4404 ofthe
795 4353 868 4404 char·
947 4360 958 4388 ²
975 4357 1067 4408 Ihave
1077 4359 1203 4407 ventur-ed
1221 4366 1247 4407 to
1265 4356 1357 4421 supply
1375 4354 1426 4404 this

361 4424 400 4465 ter
427 4421 475 4472 No.
497 4427 650 4479 CCCXCV.
675 4434 748 4495 (ante
765 4448 789 4496 p.
802 4438 870 4498 380)
913 4432 1019 4501 passage
1035 4437 1102 4486 from
1120 4436 1163 4485 the
1180 4435 1267 4485 before
1278 4433 1426 4485 mentioned

361 4494 422 4542 nith
440 4513 509 4550 some
532 4505 704 4570 unimportant
720 4510 867 4560 variatione.
913 4514 1023 4575 obanter,
1035 4515 1083 4565 No.
1100 4513 1252 4565 cccxcii.

361 4569 597 4630 Hutorwardeslowe
616 4585 639 4632 is
651 4587 750 4636 written
762 4586 867 4636 Halter-

362 4651 521 4705 aantntowe.
887 4667 890 4696 ¹
