<?xml version="1.0" encoding="UTF-8"?>
<!DOCTYPE html PUBLIC "-//W3C//DTD XHTML 1.0 Transitional//EN"
    "http://www.w3.org/TR/xhtml1/DTD/xhtml1-transitional.dtd">
<html xmlns="http://www.w3.org/1999/xhtml" xml:lang="en" lang="en">
 <head>
  <title>
</title>
<meta http-equiv="Content-Type" content="text/html;charset=utf-8" />
  <meta name='ocr-system' content='tesseract 3.04.00' />
  <meta name='ocr-capabilities' content='ocr_page ocr_carea ocr_par ocr_line ocrx_word'/>
</head>
<body>
  <div class='ocr_page' id='page_1' title='image "./historiaetcartu00monagoog_0352.png"; bbox 0 0 3158 5610; ppageno 0'>
   <div class='ocr_carea' id='block_1_1' title="bbox 377 749 1141 814">
    <p class='ocr_par' dir='ltr' id='par_1_1' title="bbox 377 749 1141 814">
     <span class='ocr_line' id='line_1_1' title="bbox 377 749 1141 814; baseline -0.004 -1"><span class='ocrx_word' id='word_1_1' title='bbox 377 749 441 814; x_wconf 73' lang='lat' dir='ltr'>:tto</span> <span class='ocrx_word' id='word_1_2' title='bbox 666 758 913 811; x_wconf 81' lang='lat' dir='ltr'>esurummuu</span> <span class='ocrx_word' id='word_1_3' title='bbox 935 756 1141 810; x_wconf 81' lang='lat' dir='ltr'>nonasrnnn</span> 
     </span>
    </p>
   </div>
   <div class='ocr_carea' id='block_1_2' title="bbox 702 1060 1111 1147">
    <p class='ocr_par' dir='ltr' id='par_1_2' title="bbox 702 1060 1111 1147">
     <span class='ocr_line' id='line_1_2' title="bbox 702 1060 1111 1147; baseline -0.002 -19"><span class='ocrx_word' id='word_1_4' title='bbox 702 1060 869 1128; x_wconf 84' lang='lat' dir='ltr'>CLXVII.</span> <span class='ocrx_word' id='word_1_5' title='bbox 894 1061 942 1127; x_wconf 88' lang='lat' dir='ltr'>De</span> <span class='ocrx_word' id='word_1_6' title='bbox 967 1060 1111 1147; x_wconf 73' lang='lat' dir='ltr'>Cereauy.</span> 
     </span>
    </p>
   </div>
   <div class='ocr_carea' id='block_1_3' title="bbox 213 1214 1441 2281">
    <p class='ocr_par' dir='ltr' id='par_1_3' title="bbox 213 1214 1441 2281">
     <span class='ocr_line' id='line_1_3' title="bbox 213 1214 1441 1292; baseline -0.002 -17"><span class='ocrx_word' id='word_1_7' title='bbox 213 1224 364 1292; x_wconf 63' lang='lat' dir='ltr'>Offerney.</span> <span class='ocrx_word' id='word_1_8' title='bbox 413 1216 514 1274; x_wconf 77' lang='lat' dir='ltr'>Sciant</span> <span class='ocrx_word' id='word_1_9' title='bbox 531 1224 690 1290; x_wconf 75' lang='lat' dir='ltr'>praesentes</span> <span class='ocrx_word' id='word_1_10' title='bbox 708 1221 738 1272; x_wconf 88' lang='lat' dir='ltr'>et</span> <span class='ocrx_word' id='word_1_11' title='bbox 762 1218 864 1281; x_wconf 82' lang='lat' dir='ltr'>futuri,</span> <span class='ocrx_word' id='word_1_12' title='bbox 885 1217 963 1287; x_wconf 84' lang='lat' dir='ltr'>quod</span> <span class='ocrx_word' id='word_1_13' title='bbox 980 1234 1036 1287; x_wconf 83' lang='lat' dir='ltr'>ego</span> <span class='ocrx_word' id='word_1_14' title='bbox 1055 1216 1203 1271; x_wconf 82' lang='lat' dir='ltr'>Walterus</span> <span class='ocrx_word' id='word_1_15' title='bbox 1221 1214 1276 1271; x_wconf 79' lang='grc' dir='ltr'>(Ῑοι</span> <span class='ocrx_word' id='word_1_16' title='bbox 1295 1214 1441 1273; x_wconf 79' lang='lat' dir='ltr'>Glauces·</span> 
     </span>
     <span class='ocr_line' id='line_1_4' title="bbox 376 1296 1440 1367; baseline -0.001 -10"><span class='ocrx_word' id='word_1_17' title='bbox 376 1302 443 1365; x_wconf 87' lang='lat' dir='ltr'>tria,</span> <span class='ocrx_word' id='word_1_18' title='bbox 471 1320 593 1357; x_wconf 86' lang='lat' dir='ltr'>assensu</span> <span class='ocrx_word' id='word_1_19' title='bbox 620 1300 740 1356; x_wconf 81' lang='lat' dir='ltr'>Milonis</span> <span class='ocrx_word' id='word_1_20' title='bbox 765 1300 819 1354; x_wconf 89' lang='lat' dir='ltr'>filii</span> <span class='ocrx_word' id='word_1_21' title='bbox 846 1301 916 1365; x_wconf 88' lang='lat' dir='ltr'>mei,</span> <span class='ocrx_word' id='word_1_22' title='bbox 936 1306 967 1355; x_wconf 91' lang='lat' dir='ltr'>ct</span> <span class='ocrx_word' id='word_1_23' title='bbox 993 1299 1112 1355; x_wconf 77' lang='lat' dir='ltr'>Berthm</span> <span class='ocrx_word' id='word_1_24' title='bbox 1137 1301 1238 1355; x_wconf 74' lang='lat' dir='ltr'>uxoris</span> <span class='ocrx_word' id='word_1_25' title='bbox 1262 1316 1349 1367; x_wconf 79' lang='lat' dir='ltr'>mem,</span> <span class='ocrx_word' id='word_1_26' title='bbox 1369 1296 1440 1357; x_wconf 86' lang='lat' dir='ltr'>dedi</span> 
     </span>
     <span class='ocr_line' id='line_1_5' title="bbox 378 1384 1441 1458; baseline -0.001 -18"><span class='ocrx_word' id='word_1_27' title='bbox 378 1390 409 1440; x_wconf 92' lang='lat' dir='ltr'>et</span> <span class='ocrx_word' id='word_1_28' title='bbox 426 1387 557 1441; x_wconf 77' lang='lat' dir='ltr'>concessi</span> <span class='ocrx_word' id='word_1_29' title='bbox 575 1386 638 1440; x_wconf 91' lang='lat' dir='ltr'>Deo</span> <span class='ocrx_word' id='word_1_30' title='bbox 657 1390 687 1441; x_wconf 89' lang='lat' dir='ltr'>et</span> <span class='ocrx_word' id='word_1_31' title='bbox 705 1386 812 1440; x_wconf 86' lang='lat' dir='ltr'>Sancto</span> <span class='ocrx_word' id='word_1_32' title='bbox 830 1384 920 1440; x_wconf 90' lang='lat' dir='ltr'>Petro</span> <span class='ocrx_word' id='word_1_33' title='bbox 945 1390 975 1440; x_wconf 93' lang='lat' dir='ltr'>et</span> <span class='ocrx_word' id='word_1_34' title='bbox 999 1384 1150 1440; x_wconf 87' lang='lat' dir='ltr'>monachis</span> <span class='ocrx_word' id='word_1_35' title='bbox 1169 1384 1367 1440; x_wconf 82' lang='lat' dir='ltr'>Glaucestriae</span> <span class='ocrx_word' id='word_1_36' title='bbox 1384 1402 1441 1458; x_wconf 84' lang='lat' dir='ltr'>pro</span> 
     </span>
     <span class='ocr_line' id='line_1_6' title="bbox 378 1470 1441 1525; baseline 0.002 -2"><span class='ocrx_word' id='word_1_37' title='bbox 378 1470 472 1524; x_wconf 81' lang='lat' dir='ltr'>salute</span> <span class='ocrx_word' id='word_1_38' title='bbox 503 1472 667 1525; x_wconf 88' lang='lat' dir='ltr'>animarum</span> <span class='ocrx_word' id='word_1_39' title='bbox 696 1477 863 1524; x_wconf 84' lang='lat' dir='ltr'>nostrarum</span> <span class='ocrx_word' id='word_1_40' title='bbox 894 1476 924 1524; x_wconf 87' lang='lat' dir='ltr'>et</span> <span class='ocrx_word' id='word_1_41' title='bbox 953 1475 1172 1525; x_wconf 83' lang='lat' dir='ltr'>antecessorum</span> <span class='ocrx_word' id='word_1_42' title='bbox 1201 1476 1373 1524; x_wconf 84' lang='lat' dir='ltr'>nostrornm</span> <span class='ocrx_word' id='word_1_43' title='bbox 1408 1478 1441 1525; x_wconf 87' lang='lat' dir='ltr'>et</span> 
     </span>
     <span class='ocr_line' id='line_1_7' title="bbox 377 1550 1439 1623; baseline 0 -16"><span class='ocrx_word' id='word_1_44' title='bbox 377 1553 527 1608; x_wconf 75' lang='lat' dir='ltr'>haeredum</span> <span class='ocrx_word' id='word_1_45' title='bbox 546 1560 721 1618; x_wconf 87' lang='lat' dir='ltr'>uestrorum,</span> <span class='ocrx_word' id='word_1_46' title='bbox 742 1554 773 1607; x_wconf 91' lang='lat' dir='ltr'>in</span> <span class='ocrx_word' id='word_1_47' title='bbox 798 1558 970 1623; x_wconf 86' lang='lat' dir='ltr'>perpetuam</span> <span class='ocrx_word' id='word_1_48' title='bbox 997 1550 1198 1617; x_wconf 80' lang='lat' dir='ltr'><strong>elemosinam,</strong></span> <span class='ocrx_word' id='word_1_49' title='bbox 1217 1552 1377 1608; x_wconf 80' lang='lat' dir='ltr'>ecclesiam</span> <span class='ocrx_word' id='word_1_50' title='bbox 1400 1552 1439 1607; x_wconf 87' lang='lat' dir='ltr'>de</span> 
     </span>
     <span class='ocr_line' id='line_1_8' title="bbox 378 1637 1438 1708; baseline 0 -16"><span class='ocrx_word' id='word_1_51' title='bbox 378 1638 493 1708; x_wconf 84' lang='lat' dir='ltr'>Ocrnay</span> <span class='ocrx_word' id='word_1_52' title='bbox 519 1644 549 1693; x_wconf 91' lang='lat' dir='ltr'>et</span> <span class='ocrx_word' id='word_1_53' title='bbox 574 1646 683 1692; x_wconf 86' lang='lat' dir='ltr'>terram</span> <span class='ocrx_word' id='word_1_54' title='bbox 709 1638 879 1700; x_wconf 86' lang='lat' dir='ltr'>sacerdotis,</span> <span class='ocrx_word' id='word_1_55' title='bbox 903 1644 933 1691; x_wconf 87' lang='lat' dir='ltr'>et</span> <span class='ocrx_word' id='word_1_56' title='bbox 950 1638 1068 1692; x_wconf 81' lang='lat' dir='ltr'><strong>tertiam</strong></span> <span class='ocrx_word' id='word_1_57' title='bbox 1093 1637 1215 1707; x_wconf 77' lang='lat' dir='ltr'><strong>garbam</strong></span> <span class='ocrx_word' id='word_1_58' title='bbox 1234 1637 1360 1691; x_wconf 89' lang='lat' dir='ltr'>dominii</span> <span class='ocrx_word' id='word_1_59' title='bbox 1379 1638 1438 1693; x_wconf 93' lang='lat' dir='ltr'>mei</span> 
     </span>
     <span class='ocr_line' id='line_1_9' title="bbox 378 1719 1438 1791; baseline 0 -16"><span class='ocrx_word' id='word_1_60' title='bbox 378 1727 408 1775; x_wconf 86' lang='lat' dir='ltr'>et</span> <span class='ocrx_word' id='word_1_61' title='bbox 432 1728 524 1775; x_wconf 90' lang='lat' dir='ltr'>totam</span> <span class='ocrx_word' id='word_1_62' title='bbox 552 1720 696 1776; x_wconf 86' lang='lat' dir='ltr'>decimam</span> <span class='ocrx_word' id='word_1_63' title='bbox 724 1728 784 1775; x_wconf 85' lang='lat' dir='ltr'>tam</span> <span class='ocrx_word' id='word_1_64' title='bbox 809 1720 845 1774; x_wconf 90' lang='lat' dir='ltr'>de</span> <span class='ocrx_word' id='word_1_65' title='bbox 869 1737 935 1775; x_wconf 91' lang='lat' dir='ltr'>meo</span> <span class='ocrx_word' id='word_1_66' title='bbox 954 1738 1043 1790; x_wconf 88' lang='lat' dir='ltr'>quam</span> <span class='ocrx_word' id='word_1_67' title='bbox 1060 1719 1097 1774; x_wconf 86' lang='lat' dir='ltr'>de</span> <span class='ocrx_word' id='word_1_68' title='bbox 1114 1720 1284 1775; x_wconf 87' lang='lat' dir='ltr'>hominibus</span> <span class='ocrx_word' id='word_1_69' title='bbox 1302 1720 1438 1791; x_wconf 86' lang='lat' dir='ltr'>ejusdcm</span> 
     </span>
     <span class='ocr_line' id='line_1_10' title="bbox 377 1805 1439 1876; baseline 0 -17"><span class='ocrx_word' id='word_1_70' title='bbox 377 1805 456 1859; x_wconf 65' lang='lat' dir='ltr'>rillio</span> <span class='ocrx_word' id='word_1_71' title='bbox 485 1806 515 1859; x_wconf 91' lang='lat' dir='ltr'>in</span> <span class='ocrx_word' id='word_1_72' title='bbox 542 1806 676 1860; x_wconf 88' lang='lat' dir='ltr'>omnibns</span> <span class='ocrx_word' id='word_1_73' title='bbox 702 1806 738 1860; x_wconf 90' lang='lat' dir='ltr'>de</span> <span class='ocrx_word' id='word_1_74' title='bbox 765 1806 872 1876; x_wconf 87' lang='lat' dir='ltr'>quibus</span> <span class='ocrx_word' id='word_1_75' title='bbox 894 1806 1017 1859; x_wconf 75' lang='lat' dir='ltr'>decimae</span> <span class='ocrx_word' id='word_1_76' title='bbox 1035 1805 1100 1860; x_wconf 79' lang='lat' dir='ltr'>duri</span> <span class='ocrx_word' id='word_1_77' title='bbox 1118 1805 1233 1860; x_wconf 88' lang='lat' dir='ltr'>debent.</span> <span class='ocrx_word' id='word_1_78' title='bbox 1272 1805 1439 1860; x_wconf 72' lang='lat' dir='ltr'><strong>Ecclesiam</strong></span> 
     </span>
     <span class='ocr_line' id='line_1_11' title="bbox 378 1888 1439 1961; baseline 0.001 -19"><span class='ocrx_word' id='word_1_79' title='bbox 378 1890 466 1943; x_wconf 90' lang='lat' dir='ltr'>etimu</span> <span class='ocrx_word' id='word_1_80' title='bbox 495 1890 610 1944; x_wconf 65' lang='lat' dir='ltr'>Sanctus</span> <span class='ocrx_word' id='word_1_81' title='bbox 637 1890 760 1944; x_wconf 71' lang='lat' dir='ltr'>Helenen</span> <span class='ocrx_word' id='word_1_82' title='bbox 785 1890 822 1944; x_wconf 90' lang='lat' dir='ltr'>de</span> <span class='ocrx_word' id='word_1_83' title='bbox 840 1888 1023 1960; x_wconf 79' lang='lat' dir='ltr'>Helgest-aue</span> <span class='ocrx_word' id='word_1_84' title='bbox 1050 1907 1118 1944; x_wconf 91' lang='lat' dir='ltr'>cnm</span> <span class='ocrx_word' id='word_1_85' title='bbox 1144 1888 1280 1944; x_wconf 81' lang='lat' dir='ltr'>omnibns</span> <span class='ocrx_word' id='word_1_86' title='bbox 1307 1908 1376 1961; x_wconf 79' lang='lat' dir='ltr'>qum</span> <span class='ocrx_word' id='word_1_87' title='bbox 1400 1889 1439 1944; x_wconf 83' lang='lat' dir='ltr'>ad</span> 
     </span>
     <span class='ocr_line' id='line_1_12' title="bbox 377 1968 1437 2044; baseline 0 -17"><span class='ocrx_word' id='word_1_88' title='bbox 377 1973 472 2043; x_wconf 85' lang='lat' dir='ltr'>ipsam</span> <span class='ocrx_word' id='word_1_89' title='bbox 489 1974 646 2044; x_wconf 75' lang='lat' dir='ltr'><strong>pertinent.</strong></span> <span class='ocrx_word' id='word_1_90' title='bbox 684 1974 805 2028; x_wconf 82' lang='lat' dir='ltr'>Terram</span> <span class='ocrx_word' id='word_1_91' title='bbox 823 1991 894 2028; x_wconf 86' lang='lat' dir='ltr'>rero</span> <span class='ocrx_word' id='word_1_92' title='bbox 912 1974 948 2027; x_wconf 89' lang='lat' dir='ltr'>de</span> <span class='ocrx_word' id='word_1_93' title='bbox 960 1973 1127 2029; x_wconf 87' lang='lat' dir='ltr'>Westwode</span> <span class='ocrx_word' id='word_1_94' title='bbox 1145 1972 1177 2027; x_wconf 89' lang='lat' dir='ltr'>in</span> <span class='ocrx_word' id='word_1_95' title='bbox 1191 1968 1437 2030; x_wconf 81' lang='lat' dir='ltr'>Herehcnel‘elde.</span> 
     </span>
     <span class='ocr_line' id='line_1_13' title="bbox 378 2056 1438 2130; baseline 0.001 -20"><span class='ocrx_word' id='word_1_96' title='bbox 378 2057 449 2125; x_wconf 59' lang='lat' dir='ltr'>Quas</span> <span class='ocrx_word' id='word_1_97' title='bbox 474 2058 572 2111; x_wconf 85' lang='lat' dir='ltr'>omniu</span> <span class='ocrx_word' id='word_1_98' title='bbox 597 2059 690 2128; x_wconf 80' lang='lat' dir='ltr'>sigilli</span> <span class='ocrx_word' id='word_1_99' title='bbox 721 2059 779 2113; x_wconf 86' lang='lat' dir='ltr'>mei</span> <span class='ocrx_word' id='word_1_100' title='bbox 808 2058 1000 2130; x_wconf 79' lang='lat' dir='ltr'>impressione</span> <span class='ocrx_word' id='word_1_101' title='bbox 1027 2057 1071 2113; x_wconf 86' lang='lat' dir='ltr'>eis</span> <span class='ocrx_word' id='word_1_102' title='bbox 1097 2058 1190 2112; x_wconf 89' lang='lat' dir='ltr'>libere</span> <span class='ocrx_word' id='word_1_103' title='bbox 1217 2062 1248 2111; x_wconf 89' lang='lat' dir='ltr'>et</span> <span class='ocrx_word' id='word_1_104' title='bbox 1274 2058 1376 2128; x_wconf 86' lang='lat' dir='ltr'>quiete</span> <span class='ocrx_word' id='word_1_105' title='bbox 1400 2056 1438 2111; x_wconf 69' lang='lat' dir='ltr'>ab</span> 
     </span>
     <span class='ocr_line' id='line_1_14' title="bbox 376 2140 1439 2214; baseline 0.004 -21"><span class='ocrx_word' id='word_1_106' title='bbox 376 2141 455 2194; x_wconf 87' lang='lat' dir='ltr'>omui</span> <span class='ocrx_word' id='word_1_107' title='bbox 483 2141 603 2196; x_wconf 86' lang='lat' dir='ltr'>servitio</span> <span class='ocrx_word' id='word_1_108' title='bbox 629 2141 764 2197; x_wconf 77' lang='lat' dir='ltr'>steculari</span> <span class='ocrx_word' id='word_1_109' title='bbox 783 2150 813 2197; x_wconf 87' lang='lat' dir='ltr'>ct</span> <span class='ocrx_word' id='word_1_110' title='bbox 831 2141 1041 2198; x_wconf 86' lang='lat' dir='ltr'>consuetudine</span> <span class='ocrx_word' id='word_1_111' title='bbox 1059 2141 1285 2214; x_wconf 87' lang='lat' dir='ltr'>inperpetuum</span> <span class='ocrx_word' id='word_1_112' title='bbox 1302 2140 1439 2197; x_wconf 86' lang='lat' dir='ltr'>habenda</span> 
     </span>
     <span class='ocr_line' id='line_1_15' title="bbox 376 2226 523 2281; baseline -0.007 0"><span class='ocrx_word' id='word_1_113' title='bbox 376 2226 523 2281; x_wconf 88' lang='lat' dir='ltr'>confirmo.</span> 
     </span>
    </p>
   </div>
   <div class='ocr_carea' id='block_1_4' title="bbox 702 2440 1107 2507">
    <p class='ocr_par' dir='ltr' id='par_1_4' title="bbox 702 2440 1107 2507">
     <span class='ocr_line' id='line_1_16' title="bbox 702 2440 1107 2507; baseline 0.002 0"><span class='ocrx_word' id='word_1_114' title='bbox 702 2440 889 2507; x_wconf 81' lang='lat' dir='ltr'>CLXVIII.</span> <span class='ocrx_word' id='word_1_115' title='bbox 913 2441 963 2507; x_wconf 84' lang='lat' dir='ltr'>De</span> <span class='ocrx_word' id='word_1_116' title='bbox 985 2440 1107 2507; x_wconf 77' lang='lat' dir='ltr'>eodem.</span> 
     </span>
    </p>
   </div>
   <div class='ocr_carea' id='block_1_5' title="bbox 370 2578 1438 4000">
    <p class='ocr_par' dir='ltr' id='par_1_5' title="bbox 370 2578 1438 4000">
     <span class='ocr_line' id='line_1_17' title="bbox 413 2578 1438 2652; baseline 0.002 -17"><span class='ocrx_word' id='word_1_117' title='bbox 413 2579 514 2636; x_wconf 86' lang='lat' dir='ltr'>Sciant</span> <span class='ocrx_word' id='word_1_118' title='bbox 530 2585 689 2652; x_wconf 72' lang='lat' dir='ltr'>presentes</span> <span class='ocrx_word' id='word_1_119' title='bbox 706 2586 736 2636; x_wconf 88' lang='lat' dir='ltr'>et</span> <span class='ocrx_word' id='word_1_120' title='bbox 754 2580 856 2645; x_wconf 81' lang='lat' dir='ltr'>futuri,</span> <span class='ocrx_word' id='word_1_121' title='bbox 877 2580 955 2651; x_wconf 85' lang='lat' dir='ltr'>quod</span> <span class='ocrx_word' id='word_1_122' title='bbox 973 2597 1029 2651; x_wconf 82' lang='lat' dir='ltr'>ego</span> <span class='ocrx_word' id='word_1_123' title='bbox 1042 2578 1191 2636; x_wconf 87' lang='lat' dir='ltr'>Henricns</span> <span class='ocrx_word' id='word_1_124' title='bbox 1209 2578 1246 2635; x_wconf 88' lang='lat' dir='ltr'>de</span> <span class='ocrx_word' id='word_1_125' title='bbox 1258 2580 1438 2637; x_wconf 84' lang='lat' dir='ltr'>Heresordia</span> 
     </span>
     <span class='ocr_line' id='line_1_18' title="bbox 375 2664 1435 2722; baseline 0.001 -3"><span class='ocrx_word' id='word_1_126' title='bbox 375 2665 501 2719; x_wconf 89' lang='lat' dir='ltr'>concedo</span> <span class='ocrx_word' id='word_1_127' title='bbox 520 2671 550 2719; x_wconf 87' lang='lat' dir='ltr'>et</span> <span class='ocrx_word' id='word_1_128' title='bbox 567 2664 707 2719; x_wconf 87' lang='lat' dir='ltr'>confirmo</span> <span class='ocrx_word' id='word_1_129' title='bbox 726 2664 789 2719; x_wconf 94' lang='lat' dir='ltr'>Deo</span> <span class='ocrx_word' id='word_1_130' title='bbox 807 2670 838 2721; x_wconf 92' lang='lat' dir='ltr'>et</span> <span class='ocrx_word' id='word_1_131' title='bbox 857 2665 964 2720; x_wconf 82' lang='lat' dir='ltr'>Sancto</span> <span class='ocrx_word' id='word_1_132' title='bbox 976 2664 1065 2720; x_wconf 88' lang='lat' dir='ltr'>Petro</span> <span class='ocrx_word' id='word_1_133' title='bbox 1083 2671 1114 2720; x_wconf 89' lang='lat' dir='ltr'>ct</span> <span class='ocrx_word' id='word_1_134' title='bbox 1131 2664 1282 2720; x_wconf 87' lang='lat' dir='ltr'>monachis</span> <span class='ocrx_word' id='word_1_135' title='bbox 1296 2664 1435 2722; x_wconf 85' lang='lat' dir='ltr'>Glouces·</span> 
     </span>
     <span class='ocr_line' id='line_1_19' title="bbox 375 2750 1436 2820; baseline 0.001 -14"><span class='ocrx_word' id='word_1_136' title='bbox 375 2753 441 2806; x_wconf 71' lang='lat' dir='ltr'>trien</span> <span class='ocrx_word' id='word_1_137' title='bbox 478 2769 577 2806; x_wconf 88' lang='lat' dir='ltr'>omncs</span> <span class='ocrx_word' id='word_1_138' title='bbox 614 2751 786 2807; x_wconf 80' lang='lat' dir='ltr'>donationes</span> <span class='ocrx_word' id='word_1_139' title='bbox 824 2758 854 2806; x_wconf 90' lang='lat' dir='ltr'>et</span> <span class='ocrx_word' id='word_1_140' title='bbox 889 2751 1064 2807; x_wconf 81' lang='lat' dir='ltr'>elemosinas</span> <span class='ocrx_word' id='word_1_141' title='bbox 1101 2769 1174 2820; x_wconf 88' lang='lat' dir='ltr'>quas</span> <span class='ocrx_word' id='word_1_142' title='bbox 1211 2750 1363 2806; x_wconf 83' lang='lat' dir='ltr'>Waltcrus</span> <span class='ocrx_word' id='word_1_143' title='bbox 1399 2750 1436 2807; x_wconf 86' lang='lat' dir='ltr'>de</span> 
     </span>
     <span class='ocr_line' id='line_1_20' title="bbox 376 2834 1436 2907; baseline -0.001 -16"><span class='ocrx_word' id='word_1_144' title='bbox 376 2835 561 2891; x_wconf 85' lang='lat' dir='ltr'>Gloncestria</span> <span class='ocrx_word' id='word_1_145' title='bbox 587 2853 660 2890; x_wconf 85' lang='lat' dir='ltr'>arus</span> <span class='ocrx_word' id='word_1_146' title='bbox 686 2853 779 2898; x_wconf 86' lang='lat' dir='ltr'>meus,</span> <span class='ocrx_word' id='word_1_147' title='bbox 806 2842 837 2889; x_wconf 89' lang='lat' dir='ltr'>ct</span> <span class='ocrx_word' id='word_1_148' title='bbox 863 2852 960 2889; x_wconf 90' lang='lat' dir='ltr'>comes</span> <span class='ocrx_word' id='word_1_149' title='bbox 980 2834 1053 2889; x_wconf 87' lang='lat' dir='ltr'>Milo</span> <span class='ocrx_word' id='word_1_150' title='bbox 1072 2840 1157 2907; x_wconf 86' lang='lat' dir='ltr'>pater</span> <span class='ocrx_word' id='word_1_151' title='bbox 1175 2851 1269 2899; x_wconf 85' lang='lat' dir='ltr'>meus,</span> <span class='ocrx_word' id='word_1_152' title='bbox 1289 2842 1320 2890; x_wconf 88' lang='lat' dir='ltr'>et</span> <span class='ocrx_word' id='word_1_153' title='bbox 1337 2852 1436 2891; x_wconf 89' lang='lat' dir='ltr'>eomes</span> 
     </span>
     <span class='ocr_line' id='line_1_21' title="bbox 377 2919 1436 2991; baseline 0.001 -17"><span class='ocrx_word' id='word_1_154' title='bbox 377 2919 511 2991; x_wconf 82' lang='lat' dir='ltr'>Rogerns</span> <span class='ocrx_word' id='word_1_155' title='bbox 553 2920 646 2974; x_wconf 88' lang='lat' dir='ltr'>frater</span> <span class='ocrx_word' id='word_1_156' title='bbox 682 2938 776 2983; x_wconf 78' lang='lat' dir='ltr'>mene,</span> <span class='ocrx_word' id='word_1_157' title='bbox 816 2937 938 2974; x_wconf 87' lang='lat' dir='ltr'>assensu</span> <span class='ocrx_word' id='word_1_158' title='bbox 974 2919 1099 2975; x_wconf 87' lang='lat' dir='ltr'>Walteri</span> <span class='ocrx_word' id='word_1_159' title='bbox 1145 2920 1248 2975; x_wconf 84' lang='lat' dir='ltr'>fratris</span> <span class='ocrx_word' id='word_1_160' title='bbox 1284 2919 1355 2984; x_wconf 92' lang='lat' dir='ltr'>mei,</span> <span class='ocrx_word' id='word_1_161' title='bbox 1392 2920 1436 2975; x_wconf 87' lang='lat' dir='ltr'>cis</span> 
     </span>
     <span class='ocr_line' id='line_1_22' title="bbox 374 3003 1434 3078; baseline 0.004 -21"><span class='ocrx_word' id='word_1_162' title='bbox 374 3004 527 3068; x_wconf 86' lang='lat' dir='ltr'>dederunt,</span> <span class='ocrx_word' id='word_1_163' title='bbox 559 3005 674 3059; x_wconf 83' lang='lat' dir='ltr'>scilicet</span> <span class='ocrx_word' id='word_1_164' title='bbox 702 3005 857 3059; x_wconf 85' lang='lat' dir='ltr'>ecclesiam</span> <span class='ocrx_word' id='word_1_165' title='bbox 883 3003 1022 3059; x_wconf 87' lang='lat' dir='ltr'>Omnium</span> <span class='ocrx_word' id='word_1_166' title='bbox 1053 3003 1227 3060; x_wconf 84' lang='lat' dir='ltr'>Sanctorum</span> <span class='ocrx_word' id='word_1_167' title='bbox 1252 3003 1290 3059; x_wconf 88' lang='lat' dir='ltr'>de</span> <span class='ocrx_word' id='word_1_168' title='bbox 1308 3004 1434 3078; x_wconf 57' lang='lat' dir='ltr'>Germa,</span> 
     </span>
     <span class='ocr_line' id='line_1_23' title="bbox 375 3087 1436 3159; baseline 0.004 -18"><span class='ocrx_word' id='word_1_169' title='bbox 375 3094 405 3142; x_wconf 88' lang='lat' dir='ltr'>ct</span> <span class='ocrx_word' id='word_1_170' title='bbox 438 3088 526 3142; x_wconf 88' lang='lat' dir='ltr'>aliarn</span> <span class='ocrx_word' id='word_1_171' title='bbox 566 3088 721 3142; x_wconf 85' lang='lat' dir='ltr'>ecelesiam</span> <span class='ocrx_word' id='word_1_172' title='bbox 754 3088 869 3142; x_wconf 75' lang='lat' dir='ltr'>Sancta¹</span> <span class='ocrx_word' id='word_1_173' title='bbox 905 3087 1028 3142; x_wconf 71' lang='lat' dir='ltr'>Helenus</span> <span class='ocrx_word' id='word_1_174' title='bbox 1064 3087 1100 3142; x_wconf 91' lang='lat' dir='ltr'>de</span> <span class='ocrx_word' id='word_1_175' title='bbox 1136 3087 1329 3159; x_wconf 84' lang='lat' dir='ltr'>Halgestane,</span> <span class='ocrx_word' id='word_1_176' title='bbox 1368 3108 1436 3145; x_wconf 86' lang='lat' dir='ltr'>cum</span> 
     </span>
     <span class='ocr_line' id='line_1_24' title="bbox 374 3172 1433 3242; baseline 0.002 -16"><span class='ocrx_word' id='word_1_177' title='bbox 374 3173 510 3226; x_wconf 84' lang='lat' dir='ltr'>omuibus</span> <span class='ocrx_word' id='word_1_178' title='bbox 547 3173 732 3242; x_wconf 83' lang='lat' dir='ltr'>pertinentiis</span> <span class='ocrx_word' id='word_1_179' title='bbox 764 3173 836 3235; x_wconf 88' lang='lat' dir='ltr'>suis,</span> <span class='ocrx_word' id='word_1_180' title='bbox 874 3172 1014 3227; x_wconf 78' lang='lat' dir='ltr'>videlicet</span> <span class='ocrx_word' id='word_1_181' title='bbox 1043 3190 1132 3226; x_wconf 87' lang='lat' dir='ltr'>unam</span> <span class='ocrx_word' id='word_1_182' title='bbox 1162 3172 1311 3242; x_wconf 76' lang='lat' dir='ltr'>virgatam</span> <span class='ocrx_word' id='word_1_183' title='bbox 1335 3180 1433 3239; x_wconf 76' lang='lat' dir='ltr'>terrie,</span> 
     </span>
     <span class='ocr_line' id='line_1_25' title="bbox 374 3256 1434 3329; baseline 0.004 -20"><span class='ocrx_word' id='word_1_184' title='bbox 374 3256 511 3310; x_wconf 85' lang='lat' dir='ltr'>undecim</span> <span class='ocrx_word' id='word_1_185' title='bbox 543 3274 626 3310; x_wconf 85' lang='lat' dir='ltr'>acras</span> <span class='ocrx_word' id='word_1_186' title='bbox 654 3262 742 3310; x_wconf 76' lang='lat' dir='ltr'>terrm</span> <span class='ocrx_word' id='word_1_187' title='bbox 774 3257 804 3309; x_wconf 92' lang='lat' dir='ltr'>in</span> <span class='ocrx_word' id='word_1_188' title='bbox 830 3274 934 3326; x_wconf 87' lang='lat' dir='ltr'>campo</span> <span class='ocrx_word' id='word_1_189' title='bbox 962 3256 1109 3321; x_wconf 89' lang='lat' dir='ltr'>lucrabili,</span> <span class='ocrx_word' id='word_1_190' title='bbox 1137 3263 1167 3312; x_wconf 88' lang='lat' dir='ltr'>et</span> <span class='ocrx_word' id='word_1_191' title='bbox 1193 3275 1285 3311; x_wconf 88' lang='lat' dir='ltr'>uuum</span> <span class='ocrx_word' id='word_1_192' title='bbox 1316 3268 1434 3329; x_wconf 87' lang='lat' dir='ltr'>pratum</span> 
     </span>
     <span class='ocr_line' id='line_1_26' title="bbox 370 3340 1435 3411; baseline 0.003 -17"><span class='ocrx_word' id='word_1_193' title='bbox 370 3342 456 3410; x_wconf 77' lang='lat' dir='ltr'>juxta</span> <span class='ocrx_word' id='word_1_194' title='bbox 485 3340 685 3394; x_wconf 83' lang='lat' dir='ltr'>molendinum</span> <span class='ocrx_word' id='word_1_195' title='bbox 704 3340 740 3393; x_wconf 89' lang='lat' dir='ltr'>de</span> <span class='ocrx_word' id='word_1_196' title='bbox 770 3340 885 3404; x_wconf 76' lang='lat' dir='ltr'>Wiclia,</span> <span class='ocrx_word' id='word_1_197' title='bbox 912 3340 1068 3396; x_wconf 84' lang='lat' dir='ltr'>Otresham</span> <span class='ocrx_word' id='word_1_198' title='bbox 1093 3358 1224 3411; x_wconf 80' lang='lat' dir='ltr'>parram,</span> <span class='ocrx_word' id='word_1_199' title='bbox 1244 3348 1276 3395; x_wconf 91' lang='lat' dir='ltr'>et</span> <span class='ocrx_word' id='word_1_200' title='bbox 1294 3340 1435 3397; x_wconf 79' lang='lat' dir='ltr'>Chirclre-</span> 
     </span>
     <span class='ocr_line' id='line_1_27' title="bbox 373 3424 1433 3495; baseline 0.002 -16"><span class='ocrx_word' id='word_1_201' title='bbox 373 3428 441 3480; x_wconf 89' lang='lat' dir='ltr'>luun</span> <span class='ocrx_word' id='word_1_202' title='bbox 473 3444 524 3478; x_wconf 90' lang='lat' dir='ltr'>sur</span> <span class='ocrx_word' id='word_1_203' title='bbox 555 3424 649 3489; x_wconf 81' lang='lat' dir='ltr'>Glira,</span> <span class='ocrx_word' id='word_1_204' title='bbox 670 3430 699 3478; x_wconf 88' lang='lat' dir='ltr'>et</span> <span class='ocrx_word' id='word_1_205' title='bbox 726 3425 903 3495; x_wconf 81' lang='lat' dir='ltr'>particulam</span> <span class='ocrx_word' id='word_1_206' title='bbox 930 3431 1017 3479; x_wconf 77' lang='lat' dir='ltr'>terrai</span> <span class='ocrx_word' id='word_1_207' title='bbox 1045 3425 1097 3479; x_wconf 93' lang='lat' dir='ltr'>ubi</span> <span class='ocrx_word' id='word_1_208' title='bbox 1122 3431 1208 3480; x_wconf 81' lang='lat' dir='ltr'>retus</span> <span class='ocrx_word' id='word_1_209' title='bbox 1235 3426 1334 3481; x_wconf 82' lang='lat' dir='ltr'>extitit</span> <span class='ocrx_word' id='word_1_210' title='bbox 1351 3427 1433 3482; x_wconf 75' lang='lat' dir='ltr'>vira·</span> 
     </span>
     <span class='ocr_line' id='line_1_28' title="bbox 374 3509 1431 3575; baseline 0 -10"><span class='ocrx_word' id='word_1_211' title='bbox 374 3513 461 3575; x_wconf 90' lang='lat' dir='ltr'>rium,</span> <span class='ocrx_word' id='word_1_212' title='bbox 482 3520 512 3564; x_wconf 87' lang='lat' dir='ltr'>ct</span> <span class='ocrx_word' id='word_1_213' title='bbox 530 3526 619 3563; x_wconf 91' lang='lat' dir='ltr'>uuum</span> <span class='ocrx_word' id='word_1_214' title='bbox 650 3522 781 3563; x_wconf 86' lang='lat' dir='ltr'>ceterum</span> <span class='ocrx_word' id='word_1_215' title='bbox 807 3510 917 3564; x_wconf 70' lang='lat' dir='ltr'>inciens</span> <span class='ocrx_word' id='word_1_216' title='bbox 943 3528 1035 3563; x_wconf 90' lang='lat' dir='ltr'>unum</span> <span class='ocrx_word' id='word_1_217' title='bbox 1054 3509 1141 3563; x_wconf 80' lang='lat' dir='ltr'>lusdi.</span> <span class='ocrx_word' id='word_1_218' title='bbox 1181 3509 1317 3564; x_wconf 78' lang='lat' dir='ltr'>Concedo</span> <span class='ocrx_word' id='word_1_219' title='bbox 1341 3512 1431 3565; x_wconf 83' lang='lat' dir='ltr'>etiam</span> 
     </span>
     <span class='ocr_line' id='line_1_29' title="bbox 374 3592 1431 3666; baseline 0.002 -19"><span class='ocrx_word' id='word_1_220' title='bbox 374 3602 404 3649; x_wconf 89' lang='lat' dir='ltr'>et</span> <span class='ocrx_word' id='word_1_221' title='bbox 428 3594 566 3649; x_wconf 80' lang='lat' dir='ltr'>confirmo</span> <span class='ocrx_word' id='word_1_222' title='bbox 599 3592 749 3663; x_wconf 82' lang='lat' dir='ltr'>praedictis</span> <span class='ocrx_word' id='word_1_223' title='bbox 776 3594 926 3650; x_wconf 86' lang='lat' dir='ltr'>monachis</span> <span class='ocrx_word' id='word_1_224' title='bbox 955 3611 1043 3647; x_wconf 86' lang='lat' dir='ltr'>unam</span> <span class='ocrx_word' id='word_1_225' title='bbox 1069 3593 1215 3663; x_wconf 77' lang='lat' dir='ltr'>virgatam</span> <span class='ocrx_word' id='word_1_226' title='bbox 1239 3599 1327 3647; x_wconf 82' lang='lat' dir='ltr'>terrm</span> <span class='ocrx_word' id='word_1_227' title='bbox 1353 3595 1431 3666; x_wconf 86' lang='lat' dir='ltr'>apud</span> 
     </span>
     <span class='ocr_line' id='line_1_30' title="bbox 374 3677 1430 3747; baseline 0.004 -15"><span class='ocrx_word' id='word_1_228' title='bbox 374 3679 493 3745; x_wconf 70' lang='lat' dir='ltr'>Talgar,</span> <span class='ocrx_word' id='word_1_229' title='bbox 524 3695 612 3747; x_wconf 73' lang='lat' dir='ltr'>quam</span> <span class='ocrx_word' id='word_1_230' title='bbox 640 3695 738 3730; x_wconf 89' lang='lat' dir='ltr'>comcs</span> <span class='ocrx_word' id='word_1_231' title='bbox 758 3677 916 3747; x_wconf 68' lang='lat' dir='ltr'>Rogemus,</span> <span class='ocrx_word' id='word_1_232' title='bbox 938 3696 1061 3732; x_wconf 83' lang='lat' dir='ltr'>assensu</span> <span class='ocrx_word' id='word_1_233' title='bbox 1079 3677 1217 3733; x_wconf 87' lang='lat' dir='ltr'>Walterii</span> <span class='ocrx_word' id='word_1_234' title='bbox 1235 3678 1336 3732; x_wconf 80' lang='lat' dir='ltr'>fratris</span> <span class='ocrx_word' id='word_1_235' title='bbox 1363 3681 1430 3737; x_wconf 88' lang='lat' dir='ltr'>mei.</span> 
     </span>
     <span class='ocr_line' id='line_1_31' title="bbox 374 3761 1430 3832; baseline 0.002 -17"><span class='ocrx_word' id='word_1_236' title='bbox 374 3763 417 3815; x_wconf 84' lang='lat' dir='ltr'>eis</span> <span class='ocrx_word' id='word_1_237' title='bbox 430 3762 512 3815; x_wconf 86' lang='lat' dir='ltr'>dedit</span> <span class='ocrx_word' id='word_1_238' title='bbox 531 3762 654 3815; x_wconf 87' lang='lat' dir='ltr'>liberam</span> <span class='ocrx_word' id='word_1_239' title='bbox 667 3770 696 3816; x_wconf 88' lang='lat' dir='ltr'>ct</span> <span class='ocrx_word' id='word_1_240' title='bbox 709 3761 839 3832; x_wconf 89' lang='lat' dir='ltr'>quietam</span> <span class='ocrx_word' id='word_1_241' title='bbox 858 3763 894 3815; x_wconf 91' lang='lat' dir='ltr'>ab</span> <span class='ocrx_word' id='word_1_242' title='bbox 913 3763 991 3816; x_wconf 89' lang='lat' dir='ltr'>omui</span> <span class='ocrx_word' id='word_1_243' title='bbox 1011 3762 1133 3817; x_wconf 75' lang='lat' dir='ltr'>servitio</span> <span class='ocrx_word' id='word_1_244' title='bbox 1152 3769 1183 3817; x_wconf 91' lang='lat' dir='ltr'>et</span> <span class='ocrx_word' id='word_1_245' title='bbox 1200 3763 1350 3816; x_wconf 81' lang='lat' dir='ltr'>exactione</span> <span class='ocrx_word' id='word_1_246' title='bbox 1363 3782 1430 3817; x_wconf 91' lang='lat' dir='ltr'>cnm</span> 
     </span>
     <span class='ocr_line' id='line_1_32' title="bbox 374 3845 1429 3916; baseline 0.006 -19"><span class='ocrx_word' id='word_1_247' title='bbox 374 3846 499 3914; x_wconf 81' lang='lat' dir='ltr'>quodum</span> <span class='ocrx_word' id='word_1_248' title='bbox 513 3845 629 3898; x_wconf 87' lang='lat' dir='ltr'>homine</span> <span class='ocrx_word' id='word_1_249' title='bbox 647 3845 763 3899; x_wconf 88' lang='lat' dir='ltr'>nomine</span> <span class='ocrx_word' id='word_1_250' title='bbox 777 3845 927 3899; x_wconf 82' lang='lat' dir='ltr'>Willelmo</span> <span class='ocrx_word' id='word_1_251' title='bbox 946 3851 976 3900; x_wconf 90' lang='lat' dir='ltr'>et</span> <span class='ocrx_word' id='word_1_252' title='bbox 987 3854 1050 3901; x_wconf 86' lang='lat' dir='ltr'>teta</span> <span class='ocrx_word' id='word_1_253' title='bbox 1064 3863 1118 3900; x_wconf 90' lang='lat' dir='ltr'>sua</span> <span class='ocrx_word' id='word_1_254' title='bbox 1130 3846 1324 3901; x_wconf 75' lang='lat' dir='ltr'>successione.</span> <span class='ocrx_word' id='word_1_255' title='bbox 1358 3846 1429 3916; x_wconf 85' lang='lat' dir='ltr'>Quoe</span> 
     </span>
     <span class='ocr_line' id='line_1_33' title="bbox 373 3929 1036 4000; baseline 0.005 -19"><span class='ocrx_word' id='word_1_256' title='bbox 373 3929 471 3981; x_wconf 88' lang='lat' dir='ltr'>omnia</span> <span class='ocrx_word' id='word_1_257' title='bbox 489 3929 581 3998; x_wconf 76' lang='lat' dir='ltr'>sigilli</span> <span class='ocrx_word' id='word_1_258' title='bbox 601 3930 657 3983; x_wconf 88' lang='lat' dir='ltr'>mei</span> <span class='ocrx_word' id='word_1_259' title='bbox 679 3930 870 4000; x_wconf 86' lang='lat' dir='ltr'>impressione</span> <span class='ocrx_word' id='word_1_260' title='bbox 888 3932 1036 3984; x_wconf 83' lang='lat' dir='ltr'>confirmo.</span> 
     </span>
    </p>
   </div>
   <div class='ocr_carea' id='block_1_6' title="bbox 714 4174 1078 4242">
    <p class='ocr_par' dir='ltr' id='par_1_6' title="bbox 714 4174 1078 4242">
     <span class='ocr_line' id='line_1_34' title="bbox 714 4174 1078 4242; baseline 0.005 -2"><span class='ocrx_word' id='word_1_261' title='bbox 714 4174 861 4240; x_wconf 84' lang='lat' dir='ltr'>CLXIX.</span> <span class='ocrx_word' id='word_1_262' title='bbox 885 4176 936 4242; x_wconf 89' lang='lat' dir='ltr'>Dc</span> <span class='ocrx_word' id='word_1_263' title='bbox 958 4176 1078 4242; x_wconf 81' lang='lat' dir='ltr'>eodem.</span> 
     </span>
    </p>
   </div>
   <div class='ocr_carea' id='block_1_7' title="bbox 371 4314 1428 4560">
    <p class='ocr_par' dir='ltr' id='par_1_7' title="bbox 371 4314 1428 4560">
     <span class='ocr_line' id='line_1_35' title="bbox 407 4314 1428 4395; baseline 0.011 -26"><span class='ocrx_word' id='word_1_264' title='bbox 407 4314 555 4373; x_wconf 84' lang='lat' dir='ltr'>Waltems</span> <span class='ocrx_word' id='word_1_265' title='bbox 591 4320 628 4374; x_wconf 86' lang='lat' dir='ltr'>dc</span> <span class='ocrx_word' id='word_1_266' title='bbox 670 4320 856 4388; x_wconf 80' lang='lat' dir='ltr'>Hereiordia,</span> <span class='ocrx_word' id='word_1_267' title='bbox 887 4325 1121 4380; x_wconf 86' lang='lat' dir='ltr'>constabularius</span> <span class='ocrx_word' id='word_1_268' title='bbox 1158 4322 1248 4395; x_wconf 80' lang='lat' dir='ltr'>regis,</span> <span class='ocrx_word' id='word_1_269' title='bbox 1292 4324 1428 4380; x_wconf 84' lang='lat' dir='ltr'>omnibus</span> 
     </span>
     <span class='ocr_line' id='line_1_36' title="bbox 371 4398 1426 4465; baseline 0.012 -13"><span class='ocrx_word' id='word_1_270' title='bbox 371 4398 512 4455; x_wconf 63' lang='lat' dir='ltr'>Ecclesia&gt;</span> <span class='ocrx_word' id='word_1_271' title='bbox 531 4402 586 4456; x_wconf 90' lang='lat' dir='ltr'>Dei</span> <span class='ocrx_word' id='word_1_272' title='bbox 607 4404 751 4460; x_wconf 85' lang='lat' dir='ltr'>ministris</span> <span class='ocrx_word' id='word_1_273' title='bbox 779 4414 809 4462; x_wconf 86' lang='lat' dir='ltr'>et</span> <span class='ocrx_word' id='word_1_274' title='bbox 834 4408 1001 4462; x_wconf 77' lang='lat' dir='ltr'>homiuibus</span> <span class='ocrx_word' id='word_1_275' title='bbox 1028 4416 1058 4463; x_wconf 93' lang='lat' dir='ltr'>et</span> <span class='ocrx_word' id='word_1_276' title='bbox 1076 4406 1210 4463; x_wconf 87' lang='lat' dir='ltr'>fidelibus</span> <span class='ocrx_word' id='word_1_277' title='bbox 1231 4407 1334 4464; x_wconf 85' lang='lat' dir='ltr'>amicis</span> <span class='ocrx_word' id='word_1_278' title='bbox 1354 4409 1426 4465; x_wconf 79' lang='lat' dir='ltr'>suis.</span> 
     </span>
     <span class='ocr_line' id='line_1_37' title="bbox 371 4484 964 4560; baseline 0.019 -24"><span class='ocrx_word' id='word_1_279' title='bbox 371 4489 430 4537; x_wconf 89' lang='lat' dir='ltr'>tam</span> <span class='ocrx_word' id='word_1_280' title='bbox 449 4484 570 4539; x_wconf 80' lang='lat' dir='ltr'>Francis</span> <span class='ocrx_word' id='word_1_281' title='bbox 589 4506 676 4558; x_wconf 86' lang='lat' dir='ltr'>quum</span> <span class='ocrx_word' id='word_1_282' title='bbox 694 4489 810 4560; x_wconf 81' lang='lat' dir='ltr'>Anglis,</span> <span class='ocrx_word' id='word_1_283' title='bbox 831 4493 964 4547; x_wconf 83' lang='lat' dir='ltr'>salutem.</span> 
     </span>
    </p>
   </div>
   <div class='ocr_carea' id='block_1_8' title="bbox 368 4716 1424 4862">
    <p class='ocr_par' dir='ltr' id='par_1_8' title="bbox 368 4716 1424 4862">
     <span class='ocr_line' id='line_1_38' title="bbox 403 4716 1424 4787; baseline 0.018 -23"><span class='ocrx_word' id='word_1_284' title='bbox 403 4718 408 4745; x_wconf 77' lang='lat'>²</span> <span class='ocrx_word' id='word_1_285' title='bbox 435 4716 556 4766; x_wconf 73' lang='lat' dir='ltr'>ll&#39;olrerus</span> <span class='ocrx_word' id='word_1_286' title='bbox 567 4718 588 4767; x_wconf 83' lang='lat' dir='ltr'>is</span> <span class='ocrx_word' id='word_1_287' title='bbox 606 4720 715 4771; x_wconf 68' lang='lat' dir='ltr'>inserted</span> <span class='ocrx_word' id='word_1_288' title='bbox 733 4724 820 4774; x_wconf 82' lang='lat' dir='ltr'>before</span> <span class='ocrx_word' id='word_1_289' title='bbox 832 4725 993 4776; x_wconf 83' lang='lat' dir='ltr'>Gloucestria</span> <span class='ocrx_word' id='word_1_290' title='bbox 1013 4727 1038 4776; x_wconf 91' lang='lat' dir='ltr'>iu</span> <span class='ocrx_word' id='word_1_291' title='bbox 1057 4727 1101 4779; x_wconf 81' lang='lat' dir='ltr'>the</span> <span class='ocrx_word' id='word_1_292' title='bbox 1112 4727 1176 4787; x_wconf 74' lang='lat' dir='ltr'>sis,</span> <span class='ocrx_word' id='word_1_293' title='bbox 1188 4729 1234 4778; x_wconf 88' lang='lat' dir='ltr'>but</span> <span class='ocrx_word' id='word_1_294' title='bbox 1244 4727 1350 4784; x_wconf 82' lang='lat' dir='ltr'>marked</span> <span class='ocrx_word' id='word_1_295' title='bbox 1362 4729 1424 4781; x_wconf 78' lang='lat' dir='ltr'>with</span> 
     </span>
     <span class='ocr_line' id='line_1_39' title="bbox 368 4794 634 4862; baseline 0.023 -18"><span class='ocrx_word' id='word_1_296' title='bbox 368 4794 410 4846; x_wconf 85' lang='lat' dir='ltr'>the</span> <span class='ocrx_word' id='word_1_297' title='bbox 421 4796 478 4862; x_wconf 80' lang='lat' dir='ltr'>sign</span> <span class='ocrx_word' id='word_1_298' title='bbox 490 4798 520 4847; x_wconf 85' lang='lat' dir='ltr'>of</span> <span class='ocrx_word' id='word_1_299' title='bbox 527 4812 634 4850; x_wconf 82' lang='lat' dir='ltr'>erasure.</span> 
     </span>
    </p>
   </div>
   <div class='ocr_carea' id='block_1_9' title="bbox 0 0 1584 5610">
    <p class='ocr_par' dir='ltr' id='par_1_9' title="bbox 0 0 1584 5610">
     <span class='ocr_line' id='line_1_40' title="bbox 0 0 1584 5610; baseline 0 2"><span class='ocrx_word' id='word_1_300' title='bbox 0 0 1584 5610; x_wconf 95' lang='lat' dir='ltr'> </span> 
     </span>
    </p>
   </div>
  </div>
 </body>
</html>
