3158 5610
526 804 552 852 S.
576 802 677 851 mm
700 801 957 851 owuctmnlz.

582 1020 683 1086 CXX
707 1021 757 1086 De
780 1022 900 1087 eodem.

245 1171 397 1227 Universis
415 1186 473 1226 etc.
487 1168 709 1242 R[eginaldns],
723 1173 916 1242 permissione
936 1172 1037 1228 divina
1057 1175 1147 1228 abbas
1167 1175 1267 1229 Sancti
1280 1169 1350 1219 &D-
1365 1176 1429 1223 ¹²⁶³

210 1256 293 1311 Petri
310 1255 503 1310 Gloueesuias
520 1268 551 1309 et
567 1254 700 1326 ejusdem
724 1255 782 1309 loci
806 1256 927 1311 humilis
951 1272 1121 1323 contentus,
1141 1259 1267 1314 salutem
1278 1241 1373 1354 ἂῖἕε

208 1341 240 1394 in
258 1339 385 1394 Domino
402 1340 622 1410 sempiternam.
1279 1385 1357 1421 „m

244 1424 371 1479 Noverit
393 1425 570 1478 universitas
594 1434 695 1478 restra
719 1425 797 1495 quod
824 1443 886 1488 nos,
907 1426 1036 1480 unanimi
1062 1427 1212 1482 voluntate
1237 1437 1267 1483 et

209 1526 332 1564 assensu
348 1508 450 1562 lubitu
467 1526 557 1580 super
575 1509 630 1563 hoe
655 1510 732 1563 iuter
755 1527 808 1563 nes
833 1509 969 1579 diligenti
988 1524 1124 1575 tractatu,
1151 1513 1264 1576 minus,

210 1593 406 1656 tuncedimns,
435 1608 466 1647 et
489 1594 675 1663 assignamus
703 1595 846 1663 magistro
875 1595 994 1649 Thomae
1024 1595 1061 1650 de
1087 1588 1374 1668 Axebmggetm·

210 1678 328 1741 clerieo,
347 1678 457 1732 iutuitu
475 1678 617 1739 caritatis,
638 1678 768 1747 quinque
792 1695 906 1732 mareas
927 1697 1030 1733 annuae
1048 1681 1196 1750 pensionis
1214 1700 1268 1753 per

212 1763 361 1817 solennem
371 1761 591 1833 stipulationem
603 1761 735 1815 debonis
748 1763 856 1816 nostris
874 1763 1077 1818 communibus
1096 1764 1266 1820 solvendas¹

211 1846 309 1900 eidem
327 1847 358 1899 in
374 1847 508 1917 prioratu
526 1846 626 1900 Sancti
646 1845 750 1899 Jacobi
769 1846 929 1901 Bristolliae
946 1849 1096 1902 annuatim
1115 1849 1147 1902 in
1163 1850 1268 1920 vigilia

212 1930 344 1994 Paschae,
357 1929 449 1984 donec
466 1928 609 2000 praedicto
625 1930 768 2000 magistro
785 1931 913 1991 Thomu),
926 1931 975 1984 vel
993 1950 1048 1986 suo
1059 1933 1167 1987 elerico
1179 1951 1267 2003 quem

211 2015 249 2069 ad
266 2015 321 2068 hoc
339 2014 423 2068 nobis
447 2014 563 2067 duxerit
588 2013 803 2076 destinandum,
826 2014 1050 2084 providerimus,
1071 2028 1213 2087 quantum
1236 2018 1267 2071 in

210 2099 296 2154 mbia
322 2106 378 2161 est,
397 2099 429 2152 in
453 2097 594 2151 beneficio
623 2098 823 2152 eeclesiastico
852 2098 968 2153 valente
998 2101 1105 2170 viginti
1136 2101 1266 2170 quinque

210 2201 324 2237 marcas
342 2181 503 2237 seeundum
522 2182 699 2236 mxatiouem
723 2181 952 2245 Nomicensem,
975 2184 1034 2237 nisi
1052 2185 1173 2238 minoris
1198 2185 1268 2238 esti·

212 2268 349 2321 matianis
378 2266 552 2320 beneficium
577 2265 677 2320 valens
696 2278 793 2320 tamen
820 2285 846 2319 x.
867 2266 968 2330 libras,
997 2267 1159 2322 secundum
1187 2278 1268 2322 taxa·

211 2352 321 2406 tionem
338 2350 519 2422 praedictam,
532 2350 570 2403 ad
580 2362 711 2404 nostram
729 2358 863 2420 spectans
876 2353 1138 2421 praesentationem.
1152 2351 1269 2406 duxerit

212 2433 421 2506 acceptandum
444 2435 522 2488 infra
549 2433 717 2503 quindecim
740 2433 803 2486 dies
831 2444 897 2503 post
922 2433 1096 2488 beneficium
1114 2436 1171 2490 sibi
1189 2435 1269 2489 obla-

212 2530 286 2574 tum.
323 2518 372 2573 Ita
383 2528 481 2572 tamen
493 2517 572 2588 qnod
589 2519 615 2572 si
634 2516 801 2587 hujusmodi
819 2516 992 2571 beneficium
1010 2518 1041 2571 in
1053 2536 1110 2572 uua
1122 2518 1268 2573 oblatione

213 2603 300 2657 unius
319 2602 452 2657 beneficii
470 2602 548 2656 inira
567 2601 696 2672 spatium
715 2619 762 2654 xv.
783 2599 898 2654 dierum
915 2618 974 2654 non
991 2604 1197 2672 acceptaverit,
1217 2612 1270 2658 ant

210 2686 285 2740 illud
295 2686 388 2741 semel
400 2686 591 2748 recusaverit,
605 2703 659 2756 pro
677 2698 813 2738 recusam
826 2684 969 2738 habeatur
980 2702 1015 2738 ea
1026 2687 1100 2740 vice.
1121 2686 1268 2740 Volumus

213 2770 402 2823 nihilominus
421 2769 478 2823 sibi
498 2769 530 2823 in
551 2769 718 2840 praetaxatis
735 2768 903 2839 provisione
921 2767 1066 2823 oblatione
1082 2780 1113 2824 et
1130 2771 1268 2840 pensione

211 2868 272 2908 tam
286 2853 339 2908 diu
354 2854 448 2908 teneri
466 2870 619 2923 quousque
634 2852 803 2923 hujusmodi
821 2851 997 2907 beneficium
1012 2854 1102 2909 fuerit
1115 2866 1268 2909 assecutus

213 2956 267 3009 per
289 2955 322 2992 se
338 2938 388 2991 rel
410 2937 550 2992 clericum
576 2955 663 2991 snum
685 2944 890 3008 praenotatum.
934 2936 998 2991 Nee
1021 2938 1092 2992 alibi
1117 2948 1270 2993 teneamur

213 3021 383 3092 hujusmodi
408 3021 582 3076 beneficium
606 3021 711 3074 offerre
730 3039 818 3091 quam
839 3021 871 3074 in
889 3020 1014 3075 ecclesia
1031 3020 1184 3077 Wellensi.
1222 3021 1270 3076 Ita

214 3106 292 3176 quod
312 3105 480 3176 hujusmodi
499 3105 607 3159 oblatio
624 3105 676 3159 fiat
695 3105 752 3159 sibi
773 3105 820 3159 vel
837 3106 1039 3160 commissario
1057 3106 1114 3161 loci
1136 3107 1269 3177 ejusdem

213 3190 387 3245 litteratorie
399 3190 446 3243 vel
460 3189 550 3244 alicui
563 3189 661 3244 locum
673 3191 768 3261 ipsius
784 3190 980 3244 commissarii
992 3202 1064 3245 tunc
1080 3193 1202 3253 tenenti,
1217 3191 1269 3245 scd

214 3275 386 3329 beneficium
406 3274 516 3328 dictam
534 3275 710 3328 taxationem
728 3275 836 3344 viginti
857 3275 986 3345 quinque
1005 3293 1170 3330 marcarum
1188 3294 1270 3330 exce·

212 3359 284 3412 deus
308 3359 366 3413 sibi
384 3358 431 3411 vel
455 3357 563 3412 elerico
586 3376 640 3412 suo
663 3358 768 3411 offerre
792 3358 840 3410 vel
861 3360 1115 3429 praeseutationem
1138 3370 1269 3413 nostram

213 3442 370 3498 concedere
394 3456 557 3497 teneamur.
592 3443 739 3496 Tenemur
757 3443 888 3512 insuper,
910 3456 940 3496 et
958 3460 1009 3495 nos
1034 3442 1179 3512 obligatos
1204 3462 1268 3497 esse

214 3527 384 3598 profitemur
406 3525 562 3597 providere
581 3525 722 3596 praedicto
745 3527 889 3596 magistro
906 3525 1026 3579 Thomte
1045 3527 1075 3579 iu
1099 3525 1268 3597 hujusmodi

214 3610 354 3665 beneficio
385 3610 585 3664 ecclesiastico
616 3610 734 3664 valente
764 3628 829 3663 xxv.
861 3627 973 3663 marcas
1007 3609 1167 3663 seeundum
1191 3624 1270 3664 taxa·

213 3695 324 3749 tionem
342 3694 522 3765 predictam,
542 3711 631 3762 quam
649 3695 709 3749 cito
732 3694 771 3747 ad
789 3694 887 3748 house
907 3694 1031 3748 facultas
1049 3695 1198 3756 obtulerit,
1220 3695 1268 3748 tel

211 3778 303 3834 alicui
326 3779 434 3833 clerico
452 3794 516 3840 suo,
543 3790 577 3832 ut
601 3779 801 3848 premittitur,
825 3795 914 3847 quem
932 3777 971 3831 ad
988 3784 1060 3831 nos²
1077 3795 1130 3848 per
1154 3778 1269 3834 litteras

214 3882 283 3918 suas
314 3876 446 3934 patentes
472 3861 590 3917 duxerit
622 3861 839 3925 destinandum,
873 3862 931 3916 uisi
960 3863 1098 3933 prefatus
1124 3864 1268 3934 magister

213 3949 341 4003 Thomas
358 3947 397 4001 ad
414 3965 488 4018 opus
506 3948 657 4018 proprium
670 3947 718 4002 tel
730 3947 778 4001 sui
795 3946 906 4010 cleriei,
920 3960 953 4001 ut
971 3947 1170 4018 premittitur,
1183 3947 1269 4003 bene

215 4033 314 4086 ficium
337 4031 376 4085 ad
393 4044 523 4086 nostram
542 4044 676 4103 spectans
695 4032 951 4102 praesentationem
975 4032 1130 4086 taxationis
1148 4033 1269 4088 minoris

212 4116 393 4187 praescriptae
417 4115 581 4171 secundum
602 4115 722 4170 modum
750 4115 922 4186 pradictum
940 4117 1145 4185 acceptaverit.
1182 4117 1268 4173 Etsi

214 4199 252 4254 ad
269 4200 438 4270 hujusmodi
463 4200 636 4254 beneficium
659 4198 697 4253 ad
715 4208 844 4253 nostram
862 4206 997 4269 spectans
1015 4203 1269 4270 presentationem

214 4282 388 4353 predictum
408 4285 586 4354 magistrum
610 4283 751 4337 'l'homam
775 4282 823 4337 vel
849 4283 913 4352 ejus
937 4283 1088 4348 clericum,
1113 4298 1200 4356 prom
1223 4296 1269 4340 est

213 4384 395 4438 expressum,
409 4384 497 4436 quam
509 4367 569 4421 cito
581 4366 705 4421 facultas
718 4384 750 4421 se
762 4366 901 4420 obtulerit
913 4384 968 4421 non
980 4370 1265 4438 praesentaremus,

221 4531 536 4538 --—--·-—--..
548 4532 593 4537 .—
764 4529 988 4538 --—-.-.
1082 4534 1089 4538 .
1109 4534 1120 4538 -
1138 4534 1165 4539 ...
1182 4535 1193 4539 -
1211 4534 1226 4539 -
1238 4532 1267 4540 ‘-

299 4615 688 4683 Molenduaholvendislls.

325 4694 1182 4763 fimitevomloeitiueoeroetlyimtmadadinepmea
