<?xml version="1.0" encoding="UTF-8"?>
<!DOCTYPE html PUBLIC "-//W3C//DTD XHTML 1.0 Transitional//EN"
    "http://www.w3.org/TR/xhtml1/DTD/xhtml1-transitional.dtd">
<html xmlns="http://www.w3.org/1999/xhtml" xml:lang="en" lang="en">
 <head>
  <title>
</title>
<meta http-equiv="Content-Type" content="text/html;charset=utf-8" />
  <meta name='ocr-system' content='tesseract 3.04.00' />
  <meta name='ocr-capabilities' content='ocr_page ocr_carea ocr_par ocr_line ocrx_word'/>
</head>
<body>
  <div class='ocr_page' id='page_1' title='image "./historiaetcartu00monagoog_0480.png"; bbox 0 0 3158 5610; ppageno 0'>
   <div class='ocr_carea' id='block_1_1' title="bbox 185 1178 274 1232">
    <p class='ocr_par' dir='ltr' id='par_1_1' title="bbox 185 1178 274 1232">
     <span class='ocr_line' id='line_1_1' title="bbox 185 1178 274 1232; baseline -0.034 0"><span class='ocrx_word' id='word_1_1' title='bbox 185 1178 274 1232; x_wconf 72' lang='lat' dir='ltr'><strong>Orthe</strong></span> 
     </span>
    </p>
   </div>
   <div class='ocr_carea' id='block_1_2' title="bbox 182 1262 274 1372">
    <p class='ocr_par' dir='ltr' id='par_1_2' title="bbox 182 1262 274 1372">
     <span class='ocr_line' id='line_1_2' title="bbox 182 1262 259 1306; baseline 0 -9"><span class='ocrx_word' id='word_1_2' title='bbox 182 1262 259 1306; x_wconf 79' lang='lat' dir='ltr'><strong>same,</strong></span> 
     </span>
     <span class='ocr_line' id='line_1_3' title="bbox 185 1320 274 1372; baseline -0.011 0"><span class='ocrx_word' id='word_1_3' title='bbox 185 1320 203 1372; x_wconf 79' lang='lat' dir='ltr'><strong>f.</strong></span> <span class='ocrx_word' id='word_1_4' title='bbox 219 1327 274 1371; x_wconf 82' lang='lat'>102.</span> 
     </span>
    </p>
   </div>
   <div class='ocr_carea' id='block_1_3' title="bbox 350 738 1116 818">
    <p class='ocr_par' dir='ltr' id='par_1_3' title="bbox 350 738 1116 818">
     <span class='ocr_line' id='line_1_4' title="bbox 350 738 1116 818; baseline -0.012 -4"><span class='ocrx_word' id='word_1_5' title='bbox 350 738 415 818; x_wconf 67' lang='lat'><strong>370</strong></span> <span class='ocrx_word' id='word_1_6' title='bbox 632 742 881 808; x_wconf 72' lang='lat' dir='ltr'><strong>ammutium</strong></span> <span class='ocrx_word' id='word_1_7' title='bbox 903 742 1116 806; x_wconf 76' lang='lat' dir='ltr'><strong>ncrmrmn</strong></span> 
     </span>
    </p>
   </div>
   <div class='ocr_carea' id='block_1_4' title="bbox 645 1013 1122 1096">
    <p class='ocr_par' dir='ltr' id='par_1_4' title="bbox 645 1013 1122 1096">
     <span class='ocr_line' id='line_1_5' title="bbox 645 1013 1122 1096; baseline -0.006 0"><span class='ocrx_word' id='word_1_8' title='bbox 645 1013 906 1096; x_wconf 64' lang='lat' dir='ltr'>CCCLXXVIJ.</span> <span class='ocrx_word' id='word_1_9' title='bbox 930 1013 981 1093; x_wconf 79' lang='lat' dir='ltr'><strong>De</strong></span> <span class='ocrx_word' id='word_1_10' title='bbox 1002 1016 1122 1095; x_wconf 79' lang='lat' dir='ltr'><strong>eodem.</strong></span> 
     </span>
    </p>
   </div>
   <div class='ocr_carea' id='block_1_5' title="bbox 353 1177 1411 1421">
    <p class='ocr_par' dir='ltr' id='par_1_5' title="bbox 353 1177 1411 1421">
     <span class='ocr_line' id='line_1_6' title="bbox 391 1177 1408 1254; baseline -0.007 -13"><span class='ocrx_word' id='word_1_11' title='bbox 391 1184 493 1241; x_wconf 72' lang='lat' dir='ltr'><strong>Sciant</strong></span> <span class='ocrx_word' id='word_1_12' title='bbox 526 1186 686 1254; x_wconf 61' lang='lat' dir='ltr'><strong>presentes</strong></span> <span class='ocrx_word' id='word_1_13' title='bbox 723 1187 753 1236; x_wconf 85' lang='lat' dir='ltr'><strong>et</strong></span> <span class='ocrx_word' id='word_1_14' title='bbox 788 1181 891 1246; x_wconf 79' lang='lat' dir='ltr'><strong>futuri,</strong></span> <span class='ocrx_word' id='word_1_15' title='bbox 924 1180 1003 1250; x_wconf 80' lang='lat' dir='ltr'><strong>quod</strong></span> <span class='ocrx_word' id='word_1_16' title='bbox 1035 1192 1091 1251; x_wconf 81' lang='lat' dir='ltr'><strong>ego</strong></span> <span class='ocrx_word' id='word_1_17' title='bbox 1122 1179 1291 1236; x_wconf 75' lang='lat' dir='ltr'><strong>osmundus</strong></span> <span class='ocrx_word' id='word_1_18' title='bbox 1327 1177 1408 1234; x_wconf 81' lang='lat' dir='ltr'><strong>filius</strong></span> 
     </span>
     <span class='ocr_line' id='line_1_7' title="bbox 355 1263 1411 1347; baseline -0.006 -23"><span class='ocrx_word' id='word_1_19' title='bbox 355 1267 479 1325; x_wconf 79' lang='lat' dir='ltr'><strong>Gerardi</strong></span> <span class='ocrx_word' id='word_1_20' title='bbox 509 1267 546 1322; x_wconf 81' lang='lat' dir='ltr'><strong>de</strong></span> <span class='ocrx_word' id='word_1_21' title='bbox 570 1266 745 1330; x_wconf 73' lang='lat' dir='ltr'><strong>humburne,</strong></span> <span class='ocrx_word' id='word_1_22' title='bbox 773 1275 895 1320; x_wconf 79' lang='lat' dir='ltr'><strong>assensu</strong></span> <span class='ocrx_word' id='word_1_23' title='bbox 924 1263 1075 1318; x_wconf 70' lang='lat' dir='ltr'><strong>haredum</strong></span> <span class='ocrx_word' id='word_1_24' title='bbox 1097 1275 1247 1347; x_wconf 85' lang='lat' dir='ltr'><strong>meorum,</strong></span> <span class='ocrx_word' id='word_1_25' title='bbox 1278 1264 1411 1337; x_wconf 79' lang='lat' dir='ltr'><strong>quietam</strong></span> 
     </span>
     <span class='ocr_line' id='line_1_8' title="bbox 353 1346 1410 1421; baseline -0.004 -14"><span class='ocrx_word' id='word_1_26' title='bbox 353 1351 478 1408; x_wconf 79' lang='lat' dir='ltr'><strong>clumdvi</strong></span> <span class='ocrx_word' id='word_1_27' title='bbox 496 1350 527 1404; x_wconf 86' lang='lat' dir='ltr'><strong>in</strong></span> <span class='ocrx_word' id='word_1_28' title='bbox 551 1353 726 1421; x_wconf 84' lang='lat' dir='ltr'><strong>perpetuum</strong></span> <span class='ocrx_word' id='word_1_29' title='bbox 747 1346 819 1413; x_wconf 82' lang='lat' dir='ltr'><strong>Ded,</strong></span> <span class='ocrx_word' id='word_1_30' title='bbox 840 1353 870 1403; x_wconf 86' lang='lat' dir='ltr'><strong>ct</strong></span> <span class='ocrx_word' id='word_1_31' title='bbox 894 1347 1026 1403; x_wconf 81' lang='lat' dir='ltr'><strong>ecclesiae</strong></span> <span class='ocrx_word' id='word_1_32' title='bbox 1046 1347 1145 1403; x_wconf 73' lang='lat' dir='ltr'><strong>lancti</strong></span> <span class='ocrx_word' id='word_1_33' title='bbox 1164 1348 1248 1403; x_wconf 81' lang='lat' dir='ltr'><strong>Petri</strong></span> <span class='ocrx_word' id='word_1_34' title='bbox 1268 1347 1410 1403; x_wconf 80' lang='lat' dir='ltr'><strong>Glauces·-</strong></span> 
     </span>
    </p>
   </div>
   <div class='ocr_carea' id='block_1_6' title="bbox 291 1431 1410 1502">
    <p class='ocr_par' dir='ltr' id='par_1_6' title="bbox 291 1431 1410 1502">
     <span class='ocr_line' id='line_1_9' title="bbox 291 1431 1410 1502; baseline -0.004 -11"><span class='ocrx_word' id='word_1_35' title='bbox 291 1435 297 1455; x_wconf 85' lang='lat'><em>&#39;</em></span> <span class='ocrx_word' id='word_1_36' title='bbox 352 1437 427 1500; x_wconf 79' lang='lat' dir='ltr'><strong>triae,</strong></span> <span class='ocrx_word' id='word_1_37' title='bbox 457 1440 487 1489; x_wconf 90' lang='lat' dir='ltr'><strong>et</strong></span> <span class='ocrx_word' id='word_1_38' title='bbox 514 1433 664 1488; x_wconf 83' lang='lat' dir='ltr'><strong>monachis</strong></span> <span class='ocrx_word' id='word_1_39' title='bbox 689 1431 800 1487; x_wconf 84' lang='lat' dir='ltr'>ibidem</span> <span class='ocrx_word' id='word_1_40' title='bbox 827 1431 890 1486; x_wconf 87' lang='lat' dir='ltr'><strong>Deo</strong></span> <span class='ocrx_word' id='word_1_41' title='bbox 916 1431 1121 1495; x_wconf 79' lang='lat' dir='ltr'><strong>servientibus,</strong></span> <span class='ocrx_word' id='word_1_42' title='bbox 1150 1431 1232 1487; x_wconf 79' lang='lat' dir='ltr'><strong>illam</strong></span> <span class='ocrx_word' id='word_1_43' title='bbox 1260 1432 1410 1502; x_wconf 80' lang='lat' dir='ltr'><strong>virgatam</strong></span> 
     </span>
    </p>
   </div>
   <div class='ocr_carea' id='block_1_7' title="bbox 352 1514 1411 2161">
    <p class='ocr_par' dir='ltr' id='par_1_7' title="bbox 352 1514 1411 2013">
     <span class='ocr_line' id='line_1_10' title="bbox 353 1514 1409 1589; baseline -0.006 -13"><span class='ocrx_word' id='word_1_44' title='bbox 353 1525 440 1576; x_wconf 72' lang='lat' dir='ltr'><strong>terrai</strong></span> <span class='ocrx_word' id='word_1_45' title='bbox 459 1531 548 1589; x_wconf 82' lang='lat' dir='ltr'><strong>quam</strong></span> <span class='ocrx_word' id='word_1_46' title='bbox 566 1516 705 1572; x_wconf 74' lang='lat' dir='ltr'><strong>Eduinus</strong></span> <span class='ocrx_word' id='word_1_47' title='bbox 726 1515 826 1572; x_wconf 81' lang='lat' dir='ltr'><strong>Smurt</strong></span> <span class='ocrx_word' id='word_1_48' title='bbox 844 1521 875 1570; x_wconf 89' lang='lat' dir='ltr'><strong>et</strong></span> <span class='ocrx_word' id='word_1_49' title='bbox 895 1514 1066 1570; x_wconf 80' lang='lat' dir='ltr'><strong>Aldewinus</strong></span> <span class='ocrx_word' id='word_1_50' title='bbox 1088 1515 1219 1571; x_wconf 72' lang='lat' dir='ltr'><strong>claudus</strong></span> <span class='ocrx_word' id='word_1_51' title='bbox 1238 1521 1409 1578; x_wconf 75' lang='lat' dir='ltr'><strong>tenuerunt,</strong></span> 
     </span>
     <span class='ocr_line' id='line_1_11' title="bbox 353 1598 1409 1674; baseline -0.005 -16"><span class='ocrx_word' id='word_1_52' title='bbox 353 1612 441 1674; x_wconf 83' lang='lat' dir='ltr'><strong>quam</strong></span> <span class='ocrx_word' id='word_1_53' title='bbox 459 1601 599 1657; x_wconf 84' lang='lat' dir='ltr'><strong>videlicet</strong></span> <span class='ocrx_word' id='word_1_54' title='bbox 617 1618 672 1671; x_wconf 81' lang='lat' dir='ltr'><strong>ego</strong></span> <span class='ocrx_word' id='word_1_55' title='bbox 690 1605 793 1672; x_wconf 81' lang='lat' dir='ltr'><strong>postea</strong></span> <span class='ocrx_word' id='word_1_56' title='bbox 809 1599 892 1654; x_wconf 86' lang='lat' dir='ltr'><strong>tenui</strong></span> <span class='ocrx_word' id='word_1_57' title='bbox 911 1598 947 1653; x_wconf 81' lang='lat' dir='ltr'><strong>de</strong></span> <span class='ocrx_word' id='word_1_58' title='bbox 966 1599 1068 1654; x_wconf 81' lang='lat' dir='ltr'><strong>eedem</strong></span> <span class='ocrx_word' id='word_1_59' title='bbox 1096 1599 1221 1655; x_wconf 78' lang='lat' dir='ltr'><strong>ecclesia</strong></span> <span class='ocrx_word' id='word_1_60' title='bbox 1239 1605 1270 1654; x_wconf 87' lang='lat' dir='ltr'><strong>et</strong></span> <span class='ocrx_word' id='word_1_61' title='bbox 1296 1600 1409 1654; x_wconf 82' lang='lat' dir='ltr'><strong>eisdem</strong></span> 
     </span>
     <span class='ocr_line' id='line_1_12' title="bbox 352 1682 1411 1754; baseline -0.005 -12"><span class='ocrx_word' id='word_1_62' title='bbox 352 1686 512 1749; x_wconf 83' lang='lat' dir='ltr'><strong>monachis,</strong></span> <span class='ocrx_word' id='word_1_63' title='bbox 532 1689 567 1741; x_wconf 76' lang='lat' dir='ltr'><strong>‘ut</strong></span> <span class='ocrx_word' id='word_1_64' title='bbox 590 1685 716 1740; x_wconf 79' lang='lat' dir='ltr'><strong>habeant</strong></span> <span class='ocrx_word' id='word_1_65' title='bbox 733 1690 799 1739; x_wconf 79' lang='lat' dir='ltr'><strong>eam</strong></span> <span class='ocrx_word' id='word_1_66' title='bbox 816 1688 848 1738; x_wconf 88' lang='lat' dir='ltr'><strong>et</strong></span> <span class='ocrx_word' id='word_1_67' title='bbox 873 1688 991 1738; x_wconf 81' lang='lat' dir='ltr'><strong>teneant</strong></span> <span class='ocrx_word' id='word_1_68' title='bbox 1016 1682 1141 1738; x_wconf 82' lang='lat' dir='ltr'><strong>liberam</strong></span> <span class='ocrx_word' id='word_1_69' title='bbox 1166 1689 1195 1738; x_wconf 86' lang='lat' dir='ltr'><strong>et</strong></span> <span class='ocrx_word' id='word_1_70' title='bbox 1221 1684 1355 1754; x_wconf 75' lang='lat' dir='ltr'>quietam</span> <span class='ocrx_word' id='word_1_71' title='bbox 1373 1683 1411 1738; x_wconf 79' lang='lat' dir='ltr'><strong>&#39;ab</strong></span> 
     </span>
     <span class='ocr_line' id='line_1_13' title="bbox 353 1767 1409 1833; baseline -0.002 -8"><span class='ocrx_word' id='word_1_72' title='bbox 353 1771 431 1826; x_wconf 86' lang='lat' dir='ltr'><strong>omui</strong></span> <span class='ocrx_word' id='word_1_73' title='bbox 460 1768 589 1833; x_wconf 78' lang='lat' dir='ltr'><strong>servitio,</strong></span> <span class='ocrx_word' id='word_1_74' title='bbox 617 1783 684 1823; x_wconf 87' lang='lat' dir='ltr'><strong>cum</strong></span> <span class='ocrx_word' id='word_1_75' title='bbox 715 1768 849 1823; x_wconf 77' lang='lat' dir='ltr'><strong>omnibus</strong></span> <span class='ocrx_word' id='word_1_76' title='bbox 879 1767 1066 1823; x_wconf 72' lang='lat' dir='ltr'><strong>libertatibus</strong></span> <span class='ocrx_word' id='word_1_77' title='bbox 1097 1773 1128 1823; x_wconf 88' lang='lat' dir='ltr'><strong>et</strong></span> <span class='ocrx_word' id='word_1_78' title='bbox 1155 1767 1260 1823; x_wconf 87' lang='lat' dir='ltr'><strong>liberie</strong></span> <span class='ocrx_word' id='word_1_79' title='bbox 1287 1777 1409 1823; x_wconf 74' lang='lat' dir='ltr'><strong>contue-</strong></span> 
     </span>
     <span class='ocr_line' id='line_1_14' title="bbox 352 1851 1411 1924; baseline -0.002 -15"><span class='ocrx_word' id='word_1_80' title='bbox 352 1852 504 1910; x_wconf 85' lang='lat' dir='ltr'><strong>tudinibus</strong></span> <span class='ocrx_word' id='word_1_81' title='bbox 523 1852 561 1907; x_wconf 79' lang='lat' dir='ltr'><strong>ad</strong></span> <span class='ocrx_word' id='word_1_82' title='bbox 579 1862 644 1908; x_wconf 81' lang='lat' dir='ltr'><strong>eam</strong></span> <span class='ocrx_word' id='word_1_83' title='bbox 662 1853 884 1924; x_wconf 76' lang='lat' dir='ltr'><strong>pertinentibus.</strong></span> <span class='ocrx_word' id='word_1_84' title='bbox 923 1851 963 1906; x_wconf 82' lang='lat' dir='ltr'><strong>Et</strong></span> <span class='ocrx_word' id='word_1_85' title='bbox 988 1860 1042 1922; x_wconf 87' lang='lat' dir='ltr'><strong>pro</strong></span> <span class='ocrx_word' id='word_1_86' title='bbox 1059 1851 1114 1905; x_wconf 83' lang='lat' dir='ltr'><strong>hac</strong></span> <span class='ocrx_word' id='word_1_87' title='bbox 1133 1852 1234 1922; x_wconf 77' lang='lat' dir='ltr'><strong>quieta</strong></span> <span class='ocrx_word' id='word_1_88' title='bbox 1252 1851 1411 1907; x_wconf 80' lang='lat' dir='ltr'><strong>clamantia</strong></span> 
     </span>
     <span class='ocr_line' id='line_1_15' title="bbox 352 1926 1320 2013; baseline -0.001 -22"><span class='ocrx_word' id='word_1_89' title='bbox 352 1936 487 2009; x_wconf 66' lang='lat' dir='ltr'><strong>praedicti</strong></span> <span class='ocrx_word' id='word_1_90' title='bbox 505 1935 640 1990; x_wconf 84' lang='lat' dir='ltr'><strong>monachi</strong></span> <span class='ocrx_word' id='word_1_91' title='bbox 658 1934 802 1991; x_wconf 88' lang='lat' dir='ltr'><strong>dederunt</strong></span> <span class='ocrx_word' id='word_1_92' title='bbox 819 1935 893 1990; x_wconf 82' lang='lat' dir='ltr'><strong>mihi</strong></span> <span class='ocrx_word' id='word_1_93' title='bbox 912 1935 1041 2006; x_wconf 76' lang='lat' dir='ltr'><strong>quinque</strong></span> <span class='ocrx_word' id='word_1_94' title='bbox 1058 1941 1173 1991; x_wconf 83' lang='lat' dir='ltr'><strong>marcas</strong></span> <span class='ocrx_word' id='word_1_95' title='bbox 1192 1926 1320 2013; x_wconf 82' lang='lat' dir='ltr'><strong>argenti.</strong></span> 
     </span>
    </p>

    <p class='ocr_par' dir='ltr' id='par_1_8' title="bbox 354 2018 1408 2161">
     <span class='ocr_line' id='line_1_16' title="bbox 389 2018 1408 2091; baseline 0 -16"><span class='ocrx_word' id='word_1_96' title='bbox 389 2020 473 2090; x_wconf 81' lang='lat' dir='ltr'><strong>Quod</strong></span> <span class='ocrx_word' id='word_1_97' title='bbox 503 2019 573 2091; x_wconf 88' lang='lat' dir='ltr'><strong>quia</strong></span> <span class='ocrx_word' id='word_1_98' title='bbox 602 2024 700 2075; x_wconf 83' lang='lat' dir='ltr'><strong>ratuni</strong></span> <span class='ocrx_word' id='word_1_99' title='bbox 725 2035 790 2075; x_wconf 85' lang='lat' dir='ltr'><strong>esse</strong></span> <span class='ocrx_word' id='word_1_100' title='bbox 814 2018 891 2082; x_wconf 72' lang='lat' dir='ltr'><strong>toln,</strong></span> <span class='ocrx_word' id='word_1_101' title='bbox 918 2019 1057 2090; x_wconf 65' lang='lat' dir='ltr'><strong>presenti</strong></span> <span class='ocrx_word' id='word_1_102' title='bbox 1083 2020 1194 2090; x_wconf 83' lang='lat' dir='ltr'><strong>scripto</strong></span> <span class='ocrx_word' id='word_1_103' title='bbox 1220 2019 1324 2090; x_wconf 79' lang='lat' dir='ltr'><strong>sigilla</strong></span> <span class='ocrx_word' id='word_1_104' title='bbox 1343 2024 1408 2075; x_wconf 77' lang='lat' dir='ltr'><strong>med</strong></span> 
     </span>
     <span class='ocr_line' id='line_1_17' title="bbox 354 2102 922 2161; baseline -0.007 -1"><span class='ocrx_word' id='word_1_105' title='bbox 354 2106 467 2161; x_wconf 77' lang='lat' dir='ltr'><strong>munite</strong></span> <span class='ocrx_word' id='word_1_106' title='bbox 485 2103 663 2160; x_wconf 76' lang='lat' dir='ltr'><strong>confirmavi.</strong></span> <span class='ocrx_word' id='word_1_107' title='bbox 702 2102 771 2158; x_wconf 88' lang='lat' dir='ltr'><strong>Hiis</strong></span> <span class='ocrx_word' id='word_1_108' title='bbox 789 2102 922 2158; x_wconf 72' lang='lat' dir='ltr'><strong>testibui.</strong></span> 
     </span>
    </p>
   </div>
   <div class='ocr_carea' id='block_1_8' title="bbox 637 2375 1125 2482">
    <p class='ocr_par' dir='ltr' id='par_1_9' title="bbox 637 2375 1125 2482">
     <span class='ocr_line' id='line_1_18' title="bbox 637 2375 1125 2482; baseline 0.006 -3"><span class='ocrx_word' id='word_1_109' title='bbox 637 2375 985 2480; x_wconf 76' lang='lat' dir='ltr'><strong>cccnxxuum</strong></span> <span class='ocrx_word' id='word_1_110' title='bbox 1007 2415 1125 2482; x_wconf 67' lang='lat' dir='ltr'><strong>auat</strong></span> 
     </span>
    </p>
   </div>
   <div class='ocr_carea' id='block_1_9' title="bbox 344 2550 1408 4390">
    <p class='ocr_par' dir='ltr' id='par_1_10' title="bbox 344 2550 1408 4390">
     <span class='ocr_line' id='line_1_19' title="bbox 391 2550 1408 2639; baseline 0.002 -21"><span class='ocrx_word' id='word_1_111' title='bbox 391 2561 491 2618; x_wconf 83' lang='lat' dir='ltr'><strong>Sciant</strong></span> <span class='ocrx_word' id='word_1_112' title='bbox 516 2565 675 2634; x_wconf 75' lang='lat' dir='ltr'><strong>praesentes</strong></span> <span class='ocrx_word' id='word_1_113' title='bbox 702 2567 735 2639; x_wconf 81' lang='lat' dir='ltr'><strong>et</strong></span> <span class='ocrx_word' id='word_1_114' title='bbox 759 2552 861 2628; x_wconf 79' lang='lat' dir='ltr'><strong>futuri,</strong></span> <span class='ocrx_word' id='word_1_115' title='bbox 887 2562 965 2633; x_wconf 91' lang='lat' dir='ltr'><strong>quod</strong></span> <span class='ocrx_word' id='word_1_116' title='bbox 991 2579 1047 2634; x_wconf 84' lang='lat' dir='ltr'><strong>ego</strong></span> <span class='ocrx_word' id='word_1_117' title='bbox 1065 2552 1201 2628; x_wconf 70' lang='lat' dir='ltr'><strong>Thomas,</strong></span> <span class='ocrx_word' id='word_1_118' title='bbox 1229 2550 1286 2617; x_wconf 72' lang='lat' dir='ltr'><strong>&#39;Det</strong></span> <span class='ocrx_word' id='word_1_119' title='bbox 1312 2565 1408 2635; x_wconf 83' lang='lat' dir='ltr'><strong>gratia</strong></span> 
     </span>
     <span class='ocr_line' id='line_1_20' title="bbox 354 2646 1406 2712; baseline 0.002 -10"><span class='ocrx_word' id='word_1_120' title='bbox 354 2647 443 2703; x_wconf 85' lang='lat' dir='ltr'><strong>abbas</strong></span> <span class='ocrx_word' id='word_1_121' title='bbox 474 2651 504 2700; x_wconf 86' lang='lat' dir='ltr'><strong>ct</strong></span> <span class='ocrx_word' id='word_1_122' title='bbox 539 2650 698 2701; x_wconf 85' lang='lat' dir='ltr'><strong>conventus</strong></span> <span class='ocrx_word' id='word_1_123' title='bbox 730 2646 829 2702; x_wconf 82' lang='lat' dir='ltr'><strong>Sancti</strong></span> <span class='ocrx_word' id='word_1_124' title='bbox 859 2646 941 2701; x_wconf 87' lang='lat' dir='ltr'><strong>Petri</strong></span> <span class='ocrx_word' id='word_1_125' title='bbox 973 2646 1176 2712; x_wconf 82' lang='lat' dir='ltr'><strong>Glouccstriae,</strong></span> <span class='ocrx_word' id='word_1_126' title='bbox 1207 2650 1406 2704; x_wconf 79' lang='lat' dir='ltr'><strong>concessimus</strong></span> 
     </span>
     <span class='ocr_line' id='line_1_21' title="bbox 354 2729 1405 2802; baseline 0.002 -17"><span class='ocrx_word' id='word_1_127' title='bbox 354 2731 503 2785; x_wconf 82' lang='lat' dir='ltr'><strong>Oemundo</strong></span> <span class='ocrx_word' id='word_1_128' title='bbox 533 2730 593 2783; x_wconf 91' lang='lat' dir='ltr'><strong>filio</strong></span> <span class='ocrx_word' id='word_1_129' title='bbox 620 2729 748 2794; x_wconf 79' lang='lat' dir='ltr'><strong>Girsrdi‚</strong></span> <span class='ocrx_word' id='word_1_130' title='bbox 778 2730 963 2802; x_wconf 76' lang='lat' dir='ltr'>mesuagium</span> <span class='ocrx_word' id='word_1_131' title='bbox 988 2731 1066 2802; x_wconf 91' lang='lat' dir='ltr'><strong>quod</strong></span> <span class='ocrx_word' id='word_1_132' title='bbox 1092 2731 1247 2787; x_wconf 78' lang='lat' dir='ltr'><strong>Aldwinus</strong></span> <span class='ocrx_word' id='word_1_133' title='bbox 1275 2732 1405 2788; x_wconf 75' lang='lat' dir='ltr'><strong>claudus</strong></span> 
     </span>
     <span class='ocr_line' id='line_1_22' title="bbox 352 2813 1405 2884; baseline 0.002 -15"><span class='ocrx_word' id='word_1_134' title='bbox 352 2816 456 2880; x_wconf 86' lang='lat' dir='ltr'><strong>tenuit,</strong></span> <span class='ocrx_word' id='word_1_135' title='bbox 477 2820 507 2869; x_wconf 89' lang='lat' dir='ltr'><strong>et</strong></span> <span class='ocrx_word' id='word_1_136' title='bbox 532 2813 718 2884; x_wconf 86' lang='lat' dir='ltr'><strong>mesuagium</strong></span> <span class='ocrx_word' id='word_1_137' title='bbox 743 2814 821 2884; x_wconf 89' lang='lat' dir='ltr'><strong>quod</strong></span> <span class='ocrx_word' id='word_1_138' title='bbox 847 2814 986 2869; x_wconf 84' lang='lat' dir='ltr'><strong>Edwinus</strong></span> <span class='ocrx_word' id='word_1_139' title='bbox 1014 2814 1112 2869; x_wconf 86' lang='lat' dir='ltr'><strong>Smuri</strong></span> <span class='ocrx_word' id='word_1_140' title='bbox 1139 2817 1236 2871; x_wconf 88' lang='lat' dir='ltr'><strong>tenuit</strong></span> <span class='ocrx_word' id='word_1_141' title='bbox 1262 2816 1295 2870; x_wconf 92' lang='lat' dir='ltr'><strong>in</strong></span> <span class='ocrx_word' id='word_1_142' title='bbox 1322 2816 1405 2871; x_wconf 85' lang='lat' dir='ltr'><strong>Lam·</strong></span> 
     </span>
     <span class='ocr_line' id='line_1_23' title="bbox 352 2889 1404 2968; baseline 0.003 -15"><span class='ocrx_word' id='word_1_143' title='bbox 352 2899 455 2964; x_wconf 85' lang='lat' dir='ltr'><strong>burne,</strong></span> <span class='ocrx_word' id='word_1_144' title='bbox 475 2915 543 2952; x_wconf 89' lang='lat' dir='ltr'><strong>cum</strong></span> <span class='ocrx_word' id='word_1_145' title='bbox 561 2897 695 2952; x_wconf 84' lang='lat' dir='ltr'><strong>omnibus</strong></span> <span class='ocrx_word' id='word_1_146' title='bbox 714 2898 900 2968; x_wconf 76' lang='lat' dir='ltr'><strong>pertinentiis</strong></span> <span class='ocrx_word' id='word_1_147' title='bbox 919 2904 949 2953; x_wconf 90' lang='lat' dir='ltr'><strong>et</strong></span> <span class='ocrx_word' id='word_1_148' title='bbox 966 2889 1153 2954; x_wconf 72' lang='lat' dir='ltr'><strong>libertatibus</strong></span> <span class='ocrx_word' id='word_1_149' title='bbox 1172 2901 1245 2964; x_wconf 84' lang='lat' dir='ltr'><strong>suis,</strong></span> <span class='ocrx_word' id='word_1_150' title='bbox 1272 2901 1304 2956; x_wconf 87' lang='lat' dir='ltr'><strong>in</strong></span> <span class='ocrx_word' id='word_1_151' title='bbox 1323 2901 1404 2956; x_wconf 85' lang='lat' dir='ltr'><strong>feodo</strong></span> 
     </span>
     <span class='ocr_line' id='line_1_24' title="bbox 352 2981 1404 3054; baseline 0.001 -17"><span class='ocrx_word' id='word_1_152' title='bbox 352 2989 383 3037; x_wconf 89' lang='lat' dir='ltr'><strong>et</strong></span> <span class='ocrx_word' id='word_1_153' title='bbox 407 2981 586 3044; x_wconf 82' lang='lat' dir='ltr'><strong>haereditatc,</strong></span> <span class='ocrx_word' id='word_1_154' title='bbox 619 2986 739 3052; x_wconf 82' lang='lat' dir='ltr'><strong>excepta</strong></span> <span class='ocrx_word' id='word_1_155' title='bbox 768 2981 822 3035; x_wconf 89' lang='lat' dir='ltr'><strong>illa</strong></span> <span class='ocrx_word' id='word_1_156' title='bbox 846 2981 962 3053; x_wconf 83' lang='lat' dir='ltr'><strong>virgata</strong></span> <span class='ocrx_word' id='word_1_157' title='bbox 987 2988 1073 3038; x_wconf 77' lang='lat' dir='ltr'><strong>terrm</strong></span> <span class='ocrx_word' id='word_1_158' title='bbox 1101 3001 1189 3054; x_wconf 85' lang='lat' dir='ltr'><strong>quam</strong></span> <span class='ocrx_word' id='word_1_159' title='bbox 1218 2985 1345 3040; x_wconf 79' lang='lat' dir='ltr'><strong>emimus</strong></span> <span class='ocrx_word' id='word_1_160' title='bbox 1370 2986 1404 3040; x_wconf 85' lang='lat' dir='ltr'><strong>ab</strong></span> 
     </span>
     <span class='ocr_line' id='line_1_25' title="bbox 350 3063 1404 3139; baseline 0.004 -20"><span class='ocrx_word' id='word_1_161' title='bbox 350 3065 451 3119; x_wconf 88' lang='lat' dir='ltr'><strong>eodem</strong></span> <span class='ocrx_word' id='word_1_162' title='bbox 471 3063 630 3129; x_wconf 89' lang='lat' dir='ltr'><strong>Osmundo,</strong></span> <span class='ocrx_word' id='word_1_163' title='bbox 651 3082 738 3134; x_wconf 85' lang='lat' dir='ltr'><strong>quam</strong></span> <span class='ocrx_word' id='word_1_164' title='bbox 763 3065 901 3119; x_wconf 80' lang='lat' dir='ltr'><strong>videlicet</strong></span> <span class='ocrx_word' id='word_1_165' title='bbox 925 3065 1099 3120; x_wconf 77' lang='lat' dir='ltr'><strong>tradidimus</strong></span> <span class='ocrx_word' id='word_1_166' title='bbox 1119 3067 1249 3122; x_wconf 89' lang='lat' dir='ltr'><strong>Martino</strong></span> <span class='ocrx_word' id='word_1_167' title='bbox 1268 3069 1358 3139; x_wconf 81' lang='lat' dir='ltr'><strong>Syme</strong></span> <span class='ocrx_word' id='word_1_168' title='bbox 1376 3073 1404 3123; x_wconf 87' lang='lat' dir='ltr'><strong>ct</strong></span> 
     </span>
     <span class='ocr_line' id='line_1_26' title="bbox 350 3136 1402 3212; baseline 0.005 -10"><span class='ocrx_word' id='word_1_169' title='bbox 350 3136 515 3202; x_wconf 70' lang='lat' dir='ltr'><strong>haeredibus</strong></span> <span class='ocrx_word' id='word_1_170' title='bbox 535 3149 614 3212; x_wconf 80' lang='lat' dir='ltr'><strong>suie;</strong></span> <span class='ocrx_word' id='word_1_171' title='bbox 629 3147 783 3201; x_wconf 82' lang='lat' dir='ltr'><strong>tenendam</strong></span> <span class='ocrx_word' id='word_1_172' title='bbox 802 3148 838 3202; x_wconf 87' lang='lat' dir='ltr'><strong>de</strong></span> <span class='ocrx_word' id='word_1_173' title='bbox 850 3149 942 3203; x_wconf 84' lang='lat' dir='ltr'><strong>nobie.</strong></span> <span class='ocrx_word' id='word_1_174' title='bbox 971 3150 1134 3205; x_wconf 86' lang='lat' dir='ltr'><strong>Proedictus</strong></span> <span class='ocrx_word' id='word_1_175' title='bbox 1152 3168 1223 3205; x_wconf 86' lang='lat' dir='ltr'><strong>vcro</strong></span> <span class='ocrx_word' id='word_1_176' title='bbox 1237 3151 1402 3207; x_wconf 74' lang='lat' dir='ltr'><strong>osmundus</strong></span> 
     </span>
     <span class='ocr_line' id='line_1_27' title="bbox 350 3224 1401 3303; baseline 0.005 -17"><span class='ocrx_word' id='word_1_177' title='bbox 350 3239 380 3286; x_wconf 86' lang='lat' dir='ltr'><strong>et</strong></span> <span class='ocrx_word' id='word_1_178' title='bbox 397 3232 529 3286; x_wconf 79' lang='lat' dir='ltr'><strong>hfflrcdcs</strong></span> <span class='ocrx_word' id='word_1_179' title='bbox 555 3232 628 3302; x_wconf 83' lang='lat' dir='ltr'><strong>ejus,</strong></span> <span class='ocrx_word' id='word_1_180' title='bbox 649 3250 702 3302; x_wconf 87' lang='lat' dir='ltr'><strong>pro</strong></span> <span class='ocrx_word' id='word_1_181' title='bbox 720 3233 870 3302; x_wconf 60' lang='lat' dir='ltr'><strong>praedictis</strong></span> <span class='ocrx_word' id='word_1_182' title='bbox 889 3235 1059 3303; x_wconf 83' lang='lat' dir='ltr'><strong>mesuagiis,</strong></span> <span class='ocrx_word' id='word_1_183' title='bbox 1084 3224 1242 3289; x_wconf 83' lang='lat' dir='ltr'><strong>tresdecim</strong></span> <span class='ocrx_word' id='word_1_184' title='bbox 1271 3236 1401 3291; x_wconf 85' lang='lat' dir='ltr'><strong>denarios</strong></span> 
     </span>
     <span class='ocr_line' id='line_1_28' title="bbox 350 3315 1400 3390; baseline 0.004 -21"><span class='ocrx_word' id='word_1_185' title='bbox 350 3317 500 3369; x_wconf 85' lang='lat' dir='ltr'><strong>annuatim</strong></span> <span class='ocrx_word' id='word_1_186' title='bbox 517 3315 600 3368; x_wconf 83' lang='lat' dir='ltr'><strong>uobis</strong></span> <span class='ocrx_word' id='word_1_187' title='bbox 623 3316 653 3368; x_wconf 92' lang='lat' dir='ltr'><strong>iu</strong></span> <span class='ocrx_word' id='word_1_188' title='bbox 681 3315 756 3369; x_wconf 85' lang='lat' dir='ltr'><strong>sesto</strong></span> <span class='ocrx_word' id='word_1_189' title='bbox 776 3315 877 3370; x_wconf 78' lang='lat' dir='ltr'><strong>Sancti</strong></span> <span class='ocrx_word' id='word_1_190' title='bbox 895 3316 1049 3371; x_wconf 78' lang='lat' dir='ltr'><strong>Michaelis</strong></span> <span class='ocrx_word' id='word_1_191' title='bbox 1078 3317 1107 3371; x_wconf 90' lang='lat' dir='ltr'><strong>in</strong></span> <span class='ocrx_word' id='word_1_192' title='bbox 1135 3327 1313 3389; x_wconf 85' lang='lat' dir='ltr'><strong>perpetuum</strong></span> <span class='ocrx_word' id='word_1_193' title='bbox 1339 3337 1400 3390; x_wconf 86' lang='lat' dir='ltr'><strong>pcr-</strong></span> 
     </span>
     <span class='ocr_line' id='line_1_29' title="bbox 349 3399 1400 3475; baseline 0.003 -20"><span class='ocrx_word' id='word_1_194' title='bbox 349 3401 472 3455; x_wconf 85' lang='lat' dir='ltr'><strong>soiveut.</strong></span> <span class='ocrx_word' id='word_1_195' title='bbox 517 3399 557 3453; x_wconf 86' lang='lat' dir='ltr'><strong>Et</strong></span> <span class='ocrx_word' id='word_1_196' title='bbox 581 3403 724 3475; x_wconf 77' lang='lat' dir='ltr'><strong>praetcrea</strong></span> <span class='ocrx_word' id='word_1_197' title='bbox 751 3417 804 3469; x_wconf 90' lang='lat' dir='ltr'><strong>pro</strong></span> <span class='ocrx_word' id='word_1_198' title='bbox 830 3399 927 3454; x_wconf 88' lang='lat' dir='ltr'><strong>anima</strong></span> <span class='ocrx_word' id='word_1_199' title='bbox 944 3400 1031 3454; x_wconf 81' lang='lat' dir='ltr'><strong>Alani</strong></span> <span class='ocrx_word' id='word_1_200' title='bbox 1063 3401 1117 3454; x_wconf 87' lang='lat' dir='ltr'><strong>filii</strong></span> <span class='ocrx_word' id='word_1_201' title='bbox 1143 3401 1271 3456; x_wconf 70' lang='lat' dir='ltr'><strong>dominas</strong></span> <span class='ocrx_word' id='word_1_202' title='bbox 1291 3403 1400 3458; x_wconf 78' lang='lat' dir='ltr'><strong>Sibiliae</strong></span> 
     </span>
     <span class='ocr_line' id='line_1_30' title="bbox 349 3481 1398 3557; baseline 0.004 -21"><span class='ocrx_word' id='word_1_203' title='bbox 349 3484 417 3538; x_wconf 84' lang='lat' dir='ltr'><strong>filiae</strong></span> <span class='ocrx_word' id='word_1_204' title='bbox 437 3483 556 3538; x_wconf 82' lang='lat' dir='ltr'><strong>Jozcnis</strong></span> <span class='ocrx_word' id='word_1_205' title='bbox 583 3481 618 3557; x_wconf 86' lang='lat' dir='ltr'><strong>de</strong></span> <span class='ocrx_word' id='word_1_206' title='bbox 638 3481 752 3553; x_wconf 67' lang='lat' dir='ltr'><strong>Dyman,</strong></span> <span class='ocrx_word' id='word_1_207' title='bbox 773 3501 839 3553; x_wconf 75' lang='lat' dir='ltr'><strong>quen</strong></span> <span class='ocrx_word' id='word_1_208' title='bbox 857 3483 941 3537; x_wconf 86' lang='lat' dir='ltr'><strong>nobis</strong></span> <span class='ocrx_word' id='word_1_209' title='bbox 968 3483 1071 3538; x_wconf 86' lang='lat' dir='ltr'><strong>eadem</strong></span> <span class='ocrx_word' id='word_1_210' title='bbox 1096 3487 1251 3555; x_wconf 77' lang='lat' dir='ltr'><strong>mesnagis</strong></span> <span class='ocrx_word' id='word_1_211' title='bbox 1281 3486 1314 3540; x_wconf 90' lang='lat' dir='ltr'><strong>in</strong></span> <span class='ocrx_word' id='word_1_212' title='bbox 1338 3504 1398 3557; x_wconf 85' lang='lat' dir='ltr'><strong>pcr-</strong></span> 
     </span>
     <span class='ocr_line' id='line_1_31' title="bbox 347 3565 1399 3640; baseline 0.003 -19"><span class='ocrx_word' id='word_1_213' title='bbox 347 3573 466 3638; x_wconf 85' lang='lat' dir='ltr'><strong>petuam</strong></span> <span class='ocrx_word' id='word_1_214' title='bbox 485 3566 673 3621; x_wconf 82' lang='lat' dir='ltr'><strong>elemosinam</strong></span> <span class='ocrx_word' id='word_1_215' title='bbox 698 3565 825 3631; x_wconf 84' lang='lat' dir='ltr'><strong>donavit,</strong></span> <span class='ocrx_word' id='word_1_216' title='bbox 847 3566 926 3620; x_wconf 89' lang='lat' dir='ltr'><strong>idem</strong></span> <span class='ocrx_word' id='word_1_217' title='bbox 944 3566 1112 3622; x_wconf 83' lang='lat' dir='ltr'><strong>Osmundus</strong></span> <span class='ocrx_word' id='word_1_218' title='bbox 1131 3575 1162 3623; x_wconf 85' lang='lat' dir='ltr'><strong>et</strong></span> <span class='ocrx_word' id='word_1_219' title='bbox 1186 3568 1321 3624; x_wconf 85' lang='lat' dir='ltr'><strong>haeredes</strong></span> <span class='ocrx_word' id='word_1_220' title='bbox 1340 3571 1399 3640; x_wconf 86' lang='lat' dir='ltr'><strong>ejus</strong></span> 
     </span>
     <span class='ocr_line' id='line_1_32' title="bbox 347 3650 1400 3722; baseline 0.005 -19"><span class='ocrx_word' id='word_1_221' title='bbox 347 3650 497 3705; x_wconf 84' lang='lat' dir='ltr'><strong>invenient</strong></span> <span class='ocrx_word' id='word_1_222' title='bbox 513 3650 631 3704; x_wconf 89' lang='lat' dir='ltr'><strong>nomine</strong></span> <span class='ocrx_word' id='word_1_223' title='bbox 649 3655 759 3713; x_wconf 83' lang='lat' dir='ltr'><strong>nostru,</strong></span> <span class='ocrx_word' id='word_1_224' title='bbox 780 3650 906 3720; x_wconf 82' lang='lat' dir='ltr'><strong>singulis</strong></span> <span class='ocrx_word' id='word_1_225' title='bbox 924 3650 1058 3705; x_wconf 79' lang='lat' dir='ltr'><strong>noctibus</strong></span> <span class='ocrx_word' id='word_1_226' title='bbox 1086 3669 1139 3722; x_wconf 82' lang='lat' dir='ltr'><strong>per</strong></span> <span class='ocrx_word' id='word_1_227' title='bbox 1157 3670 1277 3716; x_wconf 85' lang='lat' dir='ltr'><strong>annum,</strong></span> <span class='ocrx_word' id='word_1_228' title='bbox 1298 3651 1335 3707; x_wconf 88' lang='lat' dir='ltr'><strong>de</strong></span> <span class='ocrx_word' id='word_1_229' title='bbox 1350 3671 1400 3708; x_wconf 87' lang='lat' dir='ltr'><strong>suo</strong></span> 
     </span>
     <span class='ocr_line' id='line_1_33' title="bbox 347 3729 1399 3806; baseline 0.004 -19"><span class='ocrx_word' id='word_1_230' title='bbox 347 3734 466 3804; x_wconf 89' lang='lat' dir='ltr'><strong>proprio</strong></span> <span class='ocrx_word' id='word_1_231' title='bbox 495 3738 588 3798; x_wconf 82' lang='lat' dir='ltr'><strong>ousta,</strong></span> <span class='ocrx_word' id='word_1_232' title='bbox 618 3751 705 3787; x_wconf 86' lang='lat' dir='ltr'><strong>unam</strong></span> <span class='ocrx_word' id='word_1_233' title='bbox 736 3733 901 3804; x_wconf 84' lang='lat' dir='ltr'><strong>lampadem</strong></span> <span class='ocrx_word' id='word_1_234' title='bbox 926 3733 1078 3790; x_wconf 78' lang='lat' dir='ltr'><strong>ardentem</strong></span> <span class='ocrx_word' id='word_1_235' title='bbox 1104 3735 1136 3788; x_wconf 91' lang='lat' dir='ltr'><strong>in</strong></span> <span class='ocrx_word' id='word_1_236' title='bbox 1165 3743 1341 3806; x_wconf 86' lang='lat' dir='ltr'><strong>perpetuum</strong></span> <span class='ocrx_word' id='word_1_237' title='bbox 1370 3729 1399 3790; x_wconf 82' lang='lat' dir='ltr'><strong>in</strong></span> 
     </span>
     <span class='ocr_line' id='line_1_34' title="bbox 347 3815 1398 3888; baseline 0.004 -17"><span class='ocrx_word' id='word_1_238' title='bbox 347 3818 460 3888; x_wconf 81' lang='lat' dir='ltr'><strong>capella</strong></span> <span class='ocrx_word' id='word_1_239' title='bbox 484 3817 584 3871; x_wconf 74' lang='lat' dir='ltr'><strong>Beata</strong></span> <span class='ocrx_word' id='word_1_240' title='bbox 612 3816 716 3871; x_wconf 79' lang='lat' dir='ltr'><strong>Marius</strong></span> <span class='ocrx_word' id='word_1_241' title='bbox 741 3815 778 3870; x_wconf 90' lang='lat' dir='ltr'><strong>dc</strong></span> <span class='ocrx_word' id='word_1_242' title='bbox 805 3817 981 3883; x_wconf 85' lang='lat' dir='ltr'><strong>Lumburne,</strong></span> <span class='ocrx_word' id='word_1_243' title='bbox 1010 3824 1040 3873; x_wconf 89' lang='lat' dir='ltr'><strong>et</strong></span> <span class='ocrx_word' id='word_1_244' title='bbox 1069 3817 1208 3874; x_wconf 75' lang='lat' dir='ltr'><strong>similiter</strong></span> <span class='ocrx_word' id='word_1_245' title='bbox 1239 3820 1277 3874; x_wconf 88' lang='lat' dir='ltr'><strong>ad</strong></span> <span class='ocrx_word' id='word_1_246' title='bbox 1303 3838 1398 3875; x_wconf 90' lang='lat' dir='ltr'><strong>omncs</strong></span> 
     </span>
     <span class='ocr_line' id='line_1_35' title="bbox 346 3893 1400 3977; baseline 0.002 -22"><span class='ocrx_word' id='word_1_247' title='bbox 346 3900 434 3956; x_wconf 81' lang='lat' dir='ltr'><strong>horas</strong></span> <span class='ocrx_word' id='word_1_248' title='bbox 453 3899 594 3965; x_wconf 88' lang='lat' dir='ltr'><strong>diurnas,¹</strong></span> <span class='ocrx_word' id='word_1_249' title='bbox 614 3900 699 3956; x_wconf 84' lang='lat' dir='ltr'><strong>etad</strong></span> <span class='ocrx_word' id='word_1_250' title='bbox 720 3901 830 3977; x_wconf 84' lang='lat' dir='ltr'><strong>missas</strong></span> <span class='ocrx_word' id='word_1_251' title='bbox 846 3919 911 3970; x_wconf 80' lang='lat' dir='ltr'><strong>quea</strong></span> <span class='ocrx_word' id='word_1_252' title='bbox 935 3902 967 3956; x_wconf 89' lang='lat' dir='ltr'><strong>in</strong></span> <span class='ocrx_word' id='word_1_253' title='bbox 992 3901 1095 3956; x_wconf 82' lang='lat' dir='ltr'><strong>cadem</strong></span> <span class='ocrx_word' id='word_1_254' title='bbox 1112 3893 1228 3974; x_wconf 83' lang='lat' dir='ltr'><strong>capella</strong></span> <span class='ocrx_word' id='word_1_255' title='bbox 1245 3904 1400 3958; x_wconf 83' lang='lat' dir='ltr'><strong>cantabun-</strong></span> 
     </span>
     <span class='ocr_line' id='line_1_36' title="bbox 347 3977 1400 4058; baseline 0.002 -19"><span class='ocrx_word' id='word_1_256' title='bbox 347 3989 405 4039; x_wconf 85' lang='lat' dir='ltr'><strong>tur.</strong></span> <span class='ocrx_word' id='word_1_257' title='bbox 444 3984 529 4038; x_wconf 87' lang='lat' dir='ltr'><strong>Idem</strong></span> <span class='ocrx_word' id='word_1_258' title='bbox 547 4002 618 4039; x_wconf 82' lang='lat' dir='ltr'><strong>vero</strong></span> <span class='ocrx_word' id='word_1_259' title='bbox 637 3983 804 4039; x_wconf 79' lang='lat' dir='ltr'><strong>Osmundus</strong></span> <span class='ocrx_word' id='word_1_260' title='bbox 820 3983 1022 4054; x_wconf 82' lang='lat' dir='ltr'><strong>juramentum</strong></span> <span class='ocrx_word' id='word_1_261' title='bbox 1047 3986 1132 4040; x_wconf 84' lang='lat' dir='ltr'><strong>nobis</strong></span> <span class='ocrx_word' id='word_1_262' title='bbox 1158 3977 1300 4057; x_wconf 69' lang='lat' dir='ltr'><strong>praestitit</strong></span> <span class='ocrx_word' id='word_1_263' title='bbox 1325 3986 1400 4058; x_wconf 89' lang='lat' dir='ltr'><strong>quod</strong></span> 
     </span>
     <span class='ocr_line' id='line_1_37' title="bbox 347 4066 1398 4143; baseline 0.004 -22"><span class='ocrx_word' id='word_1_264' title='bbox 347 4067 443 4121; x_wconf 81' lang='lat' dir='ltr'><strong>fidelis</strong></span> <span class='ocrx_word' id='word_1_265' title='bbox 455 4068 513 4122; x_wconf 86' lang='lat' dir='ltr'><strong>erit</strong></span> <span class='ocrx_word' id='word_1_266' title='bbox 531 4069 662 4123; x_wconf 67' lang='lat' dir='ltr'><strong>ecclesiae</strong></span> <span class='ocrx_word' id='word_1_267' title='bbox 680 4073 788 4143; x_wconf 73' lang='lat' dir='ltr'><strong>nostru</strong></span> <span class='ocrx_word' id='word_1_268' title='bbox 801 4066 837 4121; x_wconf 87' lang='lat' dir='ltr'><strong>dc</strong></span> <span class='ocrx_word' id='word_1_269' title='bbox 856 4068 994 4123; x_wconf 77' lang='lat' dir='ltr'><strong>solvendo</strong></span> <span class='ocrx_word' id='word_1_270' title='bbox 1012 4068 1130 4124; x_wconf 84' lang='lat' dir='ltr'><strong>redditu</strong></span> <span class='ocrx_word' id='word_1_271' title='bbox 1148 4075 1248 4125; x_wconf 86' lang='lat' dir='ltr'><strong>nostro</strong></span> <span class='ocrx_word' id='word_1_272' title='bbox 1261 4070 1398 4140; x_wconf 83' lang='lat' dir='ltr'><strong>plena-rie,</strong></span> 
     </span>
     <span class='ocr_line' id='line_1_38' title="bbox 347 4151 1401 4223; baseline 0.004 -17"><span class='ocrx_word' id='word_1_273' title='bbox 347 4157 377 4206; x_wconf 87' lang='lat' dir='ltr'><strong>et</strong></span> <span class='ocrx_word' id='word_1_274' title='bbox 396 4151 474 4223; x_wconf 86' lang='lat' dir='ltr'><strong>quod</strong></span> <span class='ocrx_word' id='word_1_275' title='bbox 491 4169 545 4206; x_wconf 87' lang='lat' dir='ltr'><strong>nec</strong></span> <span class='ocrx_word' id='word_1_276' title='bbox 563 4156 657 4207; x_wconf 87' lang='lat' dir='ltr'><strong>artem</strong></span> <span class='ocrx_word' id='word_1_277' title='bbox 674 4168 739 4219; x_wconf 76' lang='lat' dir='ltr'><strong>nec,</strong></span> <span class='ocrx_word' id='word_1_278' title='bbox 747 4151 899 4220; x_wconf 87' lang='lat' dir='ltr'><strong>ingenium</strong></span> <span class='ocrx_word' id='word_1_279' title='bbox 917 4152 1060 4223; x_wconf 84' lang='lat' dir='ltr'><strong>exquiret,</strong></span> <span class='ocrx_word' id='word_1_280' title='bbox 1080 4152 1160 4206; x_wconf 87' lang='lat' dir='ltr'><strong>unde</strong></span> <span class='ocrx_word' id='word_1_281' title='bbox 1179 4153 1284 4210; x_wconf 83' lang='lat' dir='ltr'><strong>dumus</strong></span> <span class='ocrx_word' id='word_1_282' title='bbox 1303 4161 1401 4210; x_wconf 77' lang='lat' dir='ltr'><strong>nostru</strong></span> 
     </span>
     <span class='ocr_line' id='line_1_39' title="bbox 346 4234 1400 4309; baseline 0.007 -20"><span class='ocrx_word' id='word_1_283' title='bbox 346 4252 398 4305; x_wconf 88' lang='lat' dir='ltr'><strong>per</strong></span> <span class='ocrx_word' id='word_1_284' title='bbox 428 4242 562 4290; x_wconf 89' lang='lat' dir='ltr'><strong>tenuram</strong></span> <span class='ocrx_word' id='word_1_285' title='bbox 592 4252 676 4289; x_wconf 82' lang='lat' dir='ltr'><strong>suam</strong></span> <span class='ocrx_word' id='word_1_286' title='bbox 707 4234 845 4288; x_wconf 87' lang='lat' dir='ltr'><strong>damnum</strong></span> <span class='ocrx_word' id='word_1_287' title='bbox 880 4235 1028 4301; x_wconf 87' lang='lat' dir='ltr'><strong>incurrat;</strong></span> <span class='ocrx_word' id='word_1_288' title='bbox 1061 4241 1091 4290; x_wconf 90' lang='lat' dir='ltr'><strong>et</strong></span> <span class='ocrx_word' id='word_1_289' title='bbox 1121 4236 1200 4307; x_wconf 89' lang='lat' dir='ltr'><strong>quod</strong></span> <span class='ocrx_word' id='word_1_290' title='bbox 1229 4239 1400 4309; x_wconf 69' lang='lat' dir='ltr'><strong>predictum</strong></span> 
     </span>
     <span class='ocr_line' id='line_1_40' title="bbox 344 4318 1400 4390; baseline 0.005 -17"><span class='ocrx_word' id='word_1_291' title='bbox 344 4326 455 4386; x_wconf 78' lang='lat' dir='ltr'><strong>terrum</strong></span> <span class='ocrx_word' id='word_1_292' title='bbox 472 4336 568 4389; x_wconf 87' lang='lat' dir='ltr'><strong>neque</strong></span> <span class='ocrx_word' id='word_1_293' title='bbox 586 4318 702 4383; x_wconf 86' lang='lat' dir='ltr'><strong>vendet,</strong></span> <span class='ocrx_word' id='word_1_294' title='bbox 722 4335 817 4388; x_wconf 86' lang='lat' dir='ltr'><strong>neque</strong></span> <span class='ocrx_word' id='word_1_295' title='bbox 836 4319 1004 4385; x_wconf 84' lang='lat' dir='ltr'><strong>excambiet,</strong></span> <span class='ocrx_word' id='word_1_296' title='bbox 1025 4336 1120 4390; x_wconf 85' lang='lat' dir='ltr'><strong>neque</strong></span> <span class='ocrx_word' id='word_1_297' title='bbox 1139 4320 1176 4374; x_wconf 83' lang='lat' dir='ltr'><strong>ad</strong></span> <span class='ocrx_word' id='word_1_298' title='bbox 1195 4321 1287 4377; x_wconf 85' lang='lat' dir='ltr'><strong>alium</strong></span> <span class='ocrx_word' id='word_1_299' title='bbox 1305 4324 1400 4378; x_wconf 83' lang='lat' dir='ltr'><strong>iocum</strong></span> 
     </span>
    </p>
   </div>
   <div class='ocr_carea' id='block_1_10' title="bbox 442 4613 1299 4694">
    <p class='ocr_par' dir='ltr' id='par_1_11' title="bbox 442 4613 1299 4694">
     <span class='ocr_line' id='line_1_41' title="bbox 442 4613 1299 4694; baseline 0.007 -20"><span class='ocrx_word' id='word_1_300' title='bbox 442 4628 449 4656; x_wconf 88' lang='lat'>¹</span> <span class='ocrx_word' id='word_1_301' title='bbox 467 4623 583 4690; x_wconf 66' lang='lat' dir='ltr'><strong>diturus]</strong></span> <span class='ocrx_word' id='word_1_302' title='bbox 603 4623 700 4675; x_wconf 78' lang='lat' dir='ltr'><strong>divinae</strong></span> <span class='ocrx_word' id='word_1_303' title='bbox 711 4625 739 4676; x_wconf 88' lang='lat' dir='ltr'><strong>iu</strong></span> <span class='ocrx_word' id='word_1_304' title='bbox 751 4624 850 4677; x_wconf 76' lang='lat' dir='ltr'><strong>charter</strong></span> <span class='ocrx_word' id='word_1_305' title='bbox 861 4625 909 4679; x_wconf 86' lang='lat' dir='ltr'><strong>Nc.</strong></span> <span class='ocrx_word' id='word_1_306' title='bbox 923 4613 1124 4693; x_wconf 71' lang='lat' dir='ltr'>CCCLXX&#39;IV„</span> <span class='ocrx_word' id='word_1_307' title='bbox 1136 4636 1193 4682; x_wconf 76' lang='lat' dir='ltr'><strong>otte</strong></span> <span class='ocrx_word' id='word_1_308' title='bbox 1204 4642 1229 4694; x_wconf 84' lang='lat' dir='ltr'><strong>p.</strong></span> <span class='ocrx_word' id='word_1_309' title='bbox 1241 4621 1299 4682; x_wconf 68' lang='grc'><strong>388.</strong></span> 
     </span>
    </p>
   </div>
   <div class='ocr_carea' id='block_1_11' title="bbox 0 0 1584 5610">
    <p class='ocr_par' dir='ltr' id='par_1_12' title="bbox 0 0 1584 5610">
     <span class='ocr_line' id='line_1_42' title="bbox 0 0 1584 5610; baseline 0 5"><span class='ocrx_word' id='word_1_310' title='bbox 0 0 1584 5610; x_wconf 95' lang='lat' dir='ltr'><strong> </strong></span> 
     </span>
    </p>
   </div>
  </div>
 </body>
</html>
