3158 5610
516 778 540 822 s.
565 775 663 821 errat
687 773 938 821 ourucmraiat
1186 757 1251 820 329

308 1056 473 1124 cccx-'lt
496 1057 546 1121 De
568 1064 661 1121 tei-itt
682 1053 820 1120 interit
842 1053 911 1119 coci
933 1052 1151 1138 Heresordict.

236 1209 337 1263 Sciunt
355 1218 512 1277 presentes
532 1220 562 1259 et
580 1204 682 1267 futuri,
703 1204 780 1274 quod
799 1222 855 1275 ego
873 1204 1021 1258 Henrieus
1040 1203 1119 1257 filius
1133 1202 1254 1256 Roberti
1268 1206 1306 1252 (ts
1314 1204 1394 1257 Here·

200 1293 263 1345 coci
290 1291 327 1345 de
354 1289 531 1343 Heresordia
558 1288 635 1349 dedi,
655 1288 795 1350 concessi,
815 1302 846 1342 et
863 1287 917 1341 bac
936 1288 1072 1357 praesenti
1091 1302 1172 1341 carta
1191 1304 1255 1340 mea
1268 1272 1331 1320 sm·

202 1375 368 1427 confirmari
379 1372 442 1426 Deo
455 1386 484 1426 et
496 1371 627 1425 ecclesiae
640 1371 739 1426 Sancti
752 1371 833 1424 Petri
847 1370 1047 1433 Gloucestriae,
1064 1383 1094 1425 et
1106 1371 1255 1424 monachis

203 1457 311 1511 ibidem
329 1456 393 1509 Deo
418 1455 622 1516 servientibus,
643 1462 736 1508 totum
761 1466 959 1508 tenementum
983 1471 1081 1508 mcum
1105 1471 1172 1509 cum
1190 1471 1255 1524 per·

203 1541 333 1595 tinentiis
361 1540 391 1591 in
421 1538 493 1592 villa
519 1537 705 1591 Heresordiae
736 1537 814 1606 quod
844 1550 964 1591 vocatur
995 1537 1254 1601 Berstauesham03

203 1624 278 1678 illud
303 1623 417 1678 scilieet
444 1621 522 1692 qnod
545 1621 626 1675 tenui
650 1620 686 1673 de
708 1621 838 1690 prioratu
858 1620 1059 1685 Herefordiae;
1079 1620 1256 1674 salvedicto

205 1705 345 1776 prioratui
375 1704 560 1759 Heret‘ordiae
584 1703 707 1757 dimidia
732 1720 830 1757 marca
856 1720 952 1756 armus
973 1703 1011 1757 ad
1029 1704 1136 1758 festum
1156 1703 1255 1758 Sancti

204 1788 357 1844 Michaelis
385 1806 438 1858 pro
462 1787 541 1840 omni
567 1787 696 1840 servitio.
734 1785 793 1839 Pro
818 1785 872 1840 hac
898 1798 995 1839 autem
1020 1804 1086 1840 mea
1102 1787 1256 1841 donatione

205 1886 234 1926 et
264 1872 416 1942 praesentis
454 1880 543 1924 cnrtae
581 1869 800 1924 confirmatione
836 1868 979 1922 dederunt
1016 1869 1087 1923 mihi
1125 1869 1257 1938 praedicti

206 1955 338 2009 monachi
358 1952 577 2024 quatuordecim
603 1970 715 2005 marcas
737 1953 852 2021 argenti
871 1970 932 2021 pra·
951 1952 1083 2005 inanibus
1103 1952 1133 2004 in
1152 1970 1257 2021 magua

206 2039 378 2093 necessitate
409 2053 484 2089 mea.
533 2036 599 2105 Ego
629 2053 698 2088 vero
729 2047 758 2089 et
787 2035 919 2088 haeredes
950 2036 1007 2087 mei
1038 2035 1149 2088 dictum
1179 2046 1258 2088 teue-

207 2136 337 2175 mentum
362 2137 429 2174 cum
454 2118 586 2171 omnibns
606 2119 790 2189 pertinentiis
809 2119 870 2172 suis
889 2130 989 2171 contra
1006 2135 1106 2172 omnes
1125 2118 1256 2172 homiues

206 2220 236 2260 ct
254 2205 387 2259 soeminas
407 2202 437 2255 in
455 2214 629 2272 perpetuum
647 2202 910 2263 warantizabimus,
931 2214 985 2253 etc.

527 2464 714 2531 COCVIII.
737 2464 786 2529 De
809 2465 932 2529 eodem.

242 2616 383 2670 Omnibus
413 2615 526 2671 Christi
557 2614 691 2669 fidelibus
723 2631 851 2684 presens
887 2613 1031 2684 scriptum
1068 2614 1175 2667 visuris
1211 2614 1257 2667 tel
1273 2634 1361 2682 om„

205 2700 360 2762 audituris,
380 2699 528 2753 Heuricus
547 2698 625 2753 filius
645 2697 764 2752 Robcrti
792 2698 855 2752 coci
873 2699 910 2752 do
928 2696 1114 2762 Herefordia,
1134 2698 1259 2752 salutem
1273 2715 1348 2750 seme.

207 2793 345 2836 aeternam
365 2783 395 2836 in
412 2781 548 2836 Domino.

242 2866 290 2919 Au
316 2866 516 2920 universitatis
543 2878 648 2918 restrae
674 2865 808 2918 notitiam
835 2864 970 2918 volumus
1000 2865 1153 2934 pervenire
1184 2865 1262 2935 quod

208 2967 273 3019 ego,
294 2966 347 3020 pro
364 2948 459 3003 salute
477 2948 581 3002 animm
599 2965 672 3001 meae
690 2962 720 3002 et
738 2948 867 3002 omnium
886 2956 1101 3002 antecessorum
1120 2967 1260 3012 meorum,

208 3032 276 3085 dedi
296 3045 325 3085 et
344 3033 484 3094 concessi,
504 3043 534 3085 et
557 3032 612 3085 hae
637 3046 779 3100 praesente
803 3044 885 3085 carta
909 3049 974 3085 mea
997 3032 1176 3097 confirmavi,
1199 3033 1263 3086 Deo

209 3130 239 3169 et
257 3116 388 3170 ecclesiae
407 3115 507 3170 Sancti
531 3115 613 3168 Petri
633 3115 835 3177 Gloucestriae,
855 3122 885 3169 et
903 3116 1052 3170 monachis
1071 3117 1181 3170 ibidem
1202 3117 1263 3171 Deo

210 3200 415 3262 servientibus,
443 3200 473 3253 in
502 3198 633 3262 liberam,
661 3215 773 3268 puram,
805 3212 836 3252 et
862 3214 1033 3270 perpetuam
1064 3199 1261 3263 elemosinam,

210 3283 364 3337 duodecim
382 3283 491 3336 solidos
510 3300 621 3335 annuos
645 3299 717 3351 cruos
743 3281 878 3352 Rogerus
904 3282 931 3336 le
949 3283 1171 3354 Chaumpeneys
1191 3284 1263 3336 mihi

212 3366 333 3419 reddere
362 3366 513 3420 consuerit
543 3364 580 3418 ad
605 3364 677 3418 duos
705 3366 846 3419 terminos
871 3366 939 3419 anni
970 3366 1006 3419 de
1036 3367 1121 3419 feodo
1152 3366 1203 3419 illo
1234 3367 1263 3419 in

214 3450 448 3519 Byssopesstrete
479 3447 557 3518 quod
587 3447 624 3500 de
650 3465 696 3500 me
723 3466 776 3518 per
802 3462 912 3503 cartam
932 3449 1044 3513 tenuit;
1071 3449 1193 3512 scilicet,
1213 3467 1263 3502 sex

213 3531 321 3585 solidos
347 3531 384 3585 ad
411 3532 519 3584 festum
548 3529 647 3584 Sancti
678 3530 843 3595 Michaelis,
875 3544 905 3586 et
935 3531 972 3585 ad
1002 3532 1264 3584 Auuuncintionem

216 3615 314 3668 Beatae
339 3613 442 3668 Mariae
468 3631 519 3667 sex
545 3613 663 3667 solidos.
701 3614 740 3668 Et
766 3615 833 3669 volo
861 3614 938 3684 quod
963 3614 1096 3684 Rogerus
1121 3614 1217 3667 dictus
1235 3624 1265 3667 et

214 3698 344 3751 haeredes
369 3698 425 3760 sui,
455 3697 517 3751 sive
542 3697 684 3767 assignati
711 3698 766 3762 sui,
787 3710 816 3752 et
843 3716 943 3752 eorum
962 3697 1092 3752 haeredes
1117 3698 1265 3767 praedictis

214 3780 363 3833 monachis
381 3779 418 3832 de
437 3779 515 3834 dicto
532 3779 649 3833 redditu
668 3780 705 3834 ad
723 3780 816 3835 dictos
835 3782 973 3835 terminos
999 3782 1060 3834 sine
1081 3780 1180 3849 aliqua
1198 3798 1265 3835 con·

214 3863 386 3917 tradictione
405 3862 451 3915 vel
470 3863 678 3933 impedimento
696 3863 725 3916 in
744 3875 917 3933 perpetuum
935 3864 1136 3932 respondeant.
1161 3863 1266 3918 Dictus

215 3964 283 3999 vero
311 3945 446 4016 Rogems
471 3960 502 4001 et
526 3946 657 4000 haeredes
683 3946 739 4009 sui,
767 3946 830 4000 sire
856 3947 997 4015 assignati
1023 3947 1079 4008 sui,
1109 3958 1139 4001 et
1165 3965 1265 4001 eorum

215 4029 356 4092 haeredes,
382 4027 494 4083 dictum
521 4039 720 4083 tenementum
747 4029 783 4082 de
807 4046 902 4083 annuo
920 4028 1038 4082 redditu
1055 4029 1180 4084 duorum
1199 4032 1375 4086 soli-mab.

215 4113 319 4166 dorum
337 4129 440 4167 versus
458 4112 609 4166 dominum
626 4112 796 4183 episcopum
808 4111 1062 4175 Hercsordensem,
1076 4121 1106 4168 et
1124 4114 1160 4168 de
1179 4116 1266 4170 sectis

216 4195 306 4249 curiae
333 4195 466 4264 ejusdem
492 4196 631 4266 episcopi,
663 4202 693 4250 e't
722 4196 759 4249 de
784 4197 918 4249 omnibus
949 4195 1077 4250 servitiis
1103 4198 1265 4263 forinsecis,

215 4279 484 4343 consuetudinibus,
503 4278 711 4341 exactionibus,
732 4287 761 4332 et
779 4278 968 4332 saecttlaribns
986 4278 1146 4343 demandis,
1166 4294 1267 4335 contra

216 4378 316 4415 omnes
335 4374 437 4432 gentes
461 4362 661 4432 aquietabunt,
682 4362 758 4416 sicut
782 4362 812 4415 in
835 4372 915 4417 carta
934 4379 1021 4431 quum
1039 4362 1076 4417 dc
1094 4381 1141 4418 me
1159 4364 1267 4418 habeut

215 4445 252 4498 de
269 4445 411 4514 praedicto
428 4445 512 4499 feodo
528 4446 702 4500 continetur.

253 4528 289 4580 In
307 4528 391 4598 cnjus
409 4528 452 4582 rei
470 4530 679 4593 testimonium,
698 4538 754 4584 etc.
