3158 5610
525 818 551 867 s
573 817 676 866 emm
697 817 951 867 ououcssmm
1214 804 1259 868 43

211 986 372 1054 poterimus
390 986 545 1053 adhibere3
569 990 734 1044 eonvocatis
752 989 845 1060 igitur
870 984 1031 1060 majoribus
1048 996 1079 1042 et
1096 986 1260 1042 senioribus

210 1070 315 1125 domus
333 1084 450 1138 nostrae,
470 1089 505 1126 ex
529 1090 631 1128 eorum
656 1092 788 1138 assensu,
806 1073 990 1129 decrevimus
1016 1071 1211 1135 statuendum,
1231 1080 1263 1124 et

210 1154 248 1208 de
273 1164 380 1210 caetero
404 1157 518 1213 firmius
547 1158 771 1223 observandum,
799 1166 833 1214 ut
859 1157 985 1229 singulis
1012 1156 1205 1212 confratribus
1231 1155 1262 1208 in

211 1239 295 1294 cellis
338 1239 487 1311 predictis
523 1243 768 1297 commorantibus
803 1243 841 1297 ab
876 1243 1007 1314 ipsorum
1042 1241 1189 1313 prioribus
1225 1237 1263 1292 ad

211 1340 357 1377 summam
375 1325 497 1379 iuferius
515 1343 681 1397 expressam
705 1327 854 1381 annuatim
878 1345 932 1398 pro
949 1343 1051 1381 eorum
1068 1323 1264 1380 oblationibus

211 1407 368 1462 tribuatur.
403 1408 484 1463 Hine
501 1418 548 1465 est
565 1410 644 1481 quod
661 1410 744 1466 vobis
761 1411 895 1466 omuibus
914 1417 945 1465 et
961 1409 1087 1481 singulis
1105 1410 1137 1463 in
1153 1408 1264 1463 virtute

212 1490 385 1547 obedientiae
410 1493 535 1548 firmiter
560 1494 740 1565 injungendo
766 1494 937 1550 mandamns
964 1501 1108 1565 quatenus
1137 1490 1264 1562 singulis

212 1575 391 1630 confratibus
410 1576 561 1632 vobiscum
583 1578 779 1633 residentibus
798 1597 884 1632 unam
902 1597 1030 1633 marcam
1047 1576 1162 1648 argenti
1180 1575 1263 1630 annis

213 1658 338 1726 singulis
365 1659 551 1715 medietatem
577 1662 615 1716 ad
640 1662 746 1716 Natale
764 1662 892 1726 Domini,
912 1672 942 1717 ct
966 1663 1054 1716 aliem
1078 1660 1264 1715 medietatem

213 1740 250 1793 ad
275 1741 418 1797 Pasebam
447 1744 598 1799 curialiter
623 1746 789 1811 conseratis,
814 1747 858 1800 ita
881 1745 1020 1800 videlicet
1044 1763 1097 1799 ros
1123 1744 1263 1798 habentes

213 1826 244 1877 in
271 1827 431 1895 praemissis
455 1838 489 1882 ut
515 1846 551 1882 ex
568 1828 656 1883 hilari
675 1829 829 1884 collatione
847 1838 1053 1900 praetactarum
1070 1829 1178 1882 restris
1197 1845 1263 1881 con·

214 1908 354 1965 iratribus
384 1911 517 1966 faciende
550 1926 657 1984 prester
687 1914 853 1968 mercedem
889 1932 977 1985 quam
1006 1931 1024 1967 a
1053 1913 1117 1967 Deo
1145 1928 1263 1983 sperare

215 1995 346 2063 poteritis
364 1996 396 2049 in
412 1996 468 2052 hae
485 2010 568 2068 parte
586 2015 675 2069 super
692 2006 791 2053 restes
808 1998 947 2070 ampliata
964 1997 1118 2053 dilectione
1137 1997 1265 2050 fraterna

214 2092 311 2132 restro
346 2079 383 2134 de
419 2081 524 2135 merito
559 2081 749 2152 gaudeamus.
804 2082 1008 2152 Intelligentes
1044 2079 1122 2153 quod
1157 2089 1264 2133 nostras

215 2161 381 2218 intentionis
411 2183 469 2220 non
499 2174 544 2220 est
573 2174 692 2237 propter
727 2168 878 2238 praemissu
916 2167 952 2220 de
982 2165 1029 2220 his
1060 2183 1125 2236 quse
1156 2165 1263 2218 uostris

214 2247 352 2301 fratribus
372 2249 538 2303 Herlordiae
556 2262 585 2303 et
603 2251 673 2303 alibi
692 2269 746 2320 pro
763 2251 915 2321 speciebus
934 2264 964 2304 et
981 2249 1048 2303 aliis
1066 2260 1100 2303 ut
1115 2247 1151 2302 de
1164 2248 1264 2316 sigillo

215 2334 360 2386 communi
378 2351 479 2387 eorum
498 2334 592 2389 solent
609 2335 745 2399 conferri,
765 2335 907 2407 quicquid
924 2335 1093 2406 aliqualiter
1104 2334 1261 2386 minuetur.

216 2414 358 2486 Supprior
388 2417 473 2471 ιιιιοΙ
504 2416 688 2472 Herefordiae
724 2419 775 2490 qui
805 2438 860 2490 pro
895 2425 1025 2489 tempore
1062 2419 1151 2471 suerit
1186 2418 1264 2470 sicut

214 2514 334 2555 ceteros
359 2500 521 2572 praecedet²
538 2512 598 2556 tam
624 2503 717 2557 officio
744 2521 831 2574 quem
855 2521 952 2567 onere,
972 2504 1014 2556 its
1030 2502 1062 2555 in
1079 2501 1263 2572 perceptione

215 2582 280 2637 aliis
299 2584 329 2638 iu
347 2585 446 2656 aliquo
469 2585 604 2640 volumus
627 2587 769 2657 praelerri,
789 2587 832 2641 ita
855 2587 885 2640 in
908 2586 995 2641 dietis
1020 2585 1103 2639 sestis
1121 2585 1264 2656 percipiat

215 2686 242 2720 x.
273 2668 382 2722 solidos
408 2669 439 2723 in
468 2671 687 2740 premissorum
721 2671 932 2734 observatione,
964 2669 1019 2724 sub
1053 2687 1140 2740 poens
1169 2669 1261 2740 dupli,

215 2751 340 2822 benigne
363 2771 415 2807 ros
438 2753 578 2808 habentes
605 2761 640 2809 ut
667 2772 786 2809 censam
815 2754 926 2809 nullam
953 2753 1112 2808 habeamus
1132 2771 1185 2807 vos
1212 2759 1264 2807 eut

215 2835 344 2906 aliquem
381 2837 419 2890 de
454 2838 537 2893 robis
576 2856 629 2910 pro
666 2839 858 2910 negligentis,
887 2848 939 2893 aut
977 2839 1057 2910 quod
1094 2838 1171 2893 absit
1209 2855 1262 2909 pro

200 2909 452 2991 ‘praemissorum¹
477 2923 635 2976 omissione
668 2922 845 2993 regulariter
870 2923 1023 2992 arguendi,
1044 2940 1096 2976 seu
1123 2921 1263 2992 puniendi

215 3006 350 3059 canonice
376 3024 431 3077 pro
456 3012 632 3077 contemptu.
671 3007 745 3061 Haee
770 3006 867 3061 omnia
891 3013 921 3061 et
946 3006 1064 3076 singula
1081 3024 1178 3060 eorem
1197 3023 1263 3060 eon·

215 3088 355 3143 fratribus
367 3089 427 3160 legi
446 3090 630 3145 manifestius
647 3090 773 3156 fecistis,
786 3098 821 3144 ut
837 3090 920 3144 robis
932 3091 1079 3160 prioribus
1091 3092 1261 3154 confratres,

215 3172 251 3226 de
292 3175 512 3244 premissorum
552 3174 754 3230 observatione
796 3175 996 3230 testimonium
1031 3175 1111 3241 fecti,
1147 3174 1264 3229 valeant

215 3257 377 3328 perhibere.
416 3258 598 3329 Adjieientes
618 3259 707 3315 etiem
725 3259 763 3314 ad
786 3259 939 3330 praemissa
960 3260 1072 3314 virtuto
1091 3259 1263 3313 obedientias

215 3342 390 3408 inhibemus,
416 3351 448 3398 et
473 3343 529 3397 sub
553 3361 640 3415 poens
664 3344 863 3416 suspensionis
892 3363 911 3398 e
934 3344 1127 3399 celebratione
1153 3344 1261 3408 divine,

215 3445 250 3480 ne
276 3429 342 3498 quis
373 3436 503 3482 restrum
537 3446 638 3484 carnes
675 3429 724 3483 rel
759 3429 870 3484 cibaria
905 3447 1009 3484 carnea
1039 3430 1120 3483 seriis
1150 3429 1262 3499 quartis

215 3510 448 3583 quibuacumqne
467 3511 515 3567 rel
542 3512 572 3567 in
596 3512 734 3568 Adventu
760 3513 888 3578 Domini,
917 3520 968 3568 aut
995 3524 1124 3584 tempore
1148 3522 1263 3583 septua-

215 3596 337 3664 gesimae
361 3614 455 3667 usque
482 3596 736 3667 cmndmgesimam
754 3596 791 3650 de
808 3605 915 3651 caetero
932 3597 1084 3651 comedere
1101 3597 1198 3667 palum
1215 3595 1264 3650 vel

214 3680 328 3733 occulte
355 3688 521 3750 presumat,
540 3681 696 3736 manifeste
719 3681 860 3736 duntaxat
889 3681 1057 3737 infirmitate
1084 3688 1213 3752 exceptu,
1233 3687 1264 3735 et

215 3763 297 3817 nobis
310 3764 336 3817 si
354 3765 416 3817 fieri
433 3774 530 3834 potest
546 3764 629 3835 prius
647 3765 787 3835 exposite.
822 3766 864 3819 Et
880 3765 935 3820 hoe
952 3765 1119 3820 mandatum
1132 3772 1264 3820 nostrum

216 3847 332 3901 effectui
359 3848 462 3919 mojori
489 3847 644 3919 diligentis
668 3856 699 3903 et
724 3849 872 3903 libentiori
899 3851 996 3904 animo
1015 3849 1188 3921 mancipetis
1205 3867 1265 3904 uno

215 3949 282 3984 cnm
301 3931 400 4001 sigillo
418 3938 518 3987 nostro
535 3930 668 4002 sigillum
685 3940 817 3988 nostrum
834 3951 985 3988 commune
1003 3935 1141 4004 praesenti
1156 3935 1264 3989 litterae

215 4013 368 4070 duximus*
386 4016 615 4087 appendendum.

252 4097 359 4154 Datum
384 4101 415 4154 in
439 4101 568 4172 capitulo
593 4109 693 4158 nostro
711 4101 904 4158 Gloueestriae
930 4102 1018 4158 tertio
1034 4102 1100 4160 idus
1118 4101 1262 4172 Octobris,

214 4203 289 4241 auno
306 4184 425 4239 Domini
442 4185 597 4241 millesimo
614 4189 817 4244 trecentesimo
834 4188 948 4243 decimo
965 4189 1097 4260 septimo.

356 4359 495 4367 .....-o-—-.
549 4362 729 4368 „..—.-—---
1153 4367 1257 4374 —ss-

250 4474 257 4503 ¹
275 4472 344 4539 rem]
363 4488 411 4524 om
426 4475 492 4525 cote
799 4479 809 4507 ³
821 4495 869 4541 pro
877 4480 1069 4545 premissorum]
1088 4488 1188 4544 propter
1201 4480 1260 4530 mis-

766 4571 856 4616 sorum,
868 4559 933 4608 Cott

250 4634 259 4664 ²
272 4632 406 4699 precedet]
425 4633 552 4698 precedit,
560 4633 622 4699 Βιρ-
631 4634 714 4686 Oxou.
799 4637 809 4666 ⁴
824 4636 951 4703 desim]
970 4638 1091 4701 diximus,
1101 4640 1168 4691 Cott
