3158 5610
379 748 444 812 302
668 763 918 816 clarummane
940 766 1151 819 nonasrmu

377 937 550 992 anctoritate
577 939 700 1010 capituli
723 941 816 995 nostri
847 958 911 996 oam
935 939 1149 1008 confirmamus,
1182 948 1214 998 et
1237 960 1341 999 omnes
1366 960 1435 999 con·

376 1021 521 1076 cessiones
552 1027 582 1076 et
614 1022 845 1080 confirmationes
886 1025 1041 1081 abbatibus
1078 1032 1110 1082 et
1144 1028 1301 1083 couventui
1333 1027 1434 1083 Sancti

376 1105 468 1245 ΡοῐξὲἰΓ
485 1105 676 1164 Glouoestrioe
702 1109 739 1164 ab
767 1110 911 1182 episcopis
937 1110 1204 1168 Herelordensibus
1230 1129 1387 1169 concessas
1406 1118 1437 1168 et

378 1207 411 1246 eo
468 1195 571 1247 metas.

715 1381 880 1450 COLXII.
904 1382 1096 1450 Decedam.

416 1524 517 1582 Sciant
534 1534 692 1599 praesentes
716 1535 747 1584 et
764 1530 866 1594 futuri,
887 1529 966 1600 quod
989 1547 1046 1601 ego
1069 1529 1227 1594 Henricus,
1254 1528 1312 1584 Dei
1337 1527 1436 1600 gratia

277 1634 283 1645 ·
379 1611 467 1666 abbas
489 1619 520 1667 et
539 1620 697 1668 conventus
711 1612 810 1669 Sancti
829 1613 911 1669 Petri
932 1613 1133 1679 Gloucostriae,
1159 1614 1359 1669 concessimus
1383 1614 1434 1668 da

273 1713 278 1724 ·
378 1695 458 1749 mino
485 1692 602 1768 Radere
626 1697 663 1751 do
692 1697 865 1753 Redlintone
898 1698 1048 1769 capellano
1071 1697 1212 1753 vicariam
1245 1698 1276 1751 in
1309 1697 1435 1753 ecclesia

377 1786 477 1833 nostra
495 1780 531 1834 do
553 1780 616 1853 Foy
641 1781 780 1852 quamdiu
800 1782 907 1838 vixerit
927 1800 993 1852 qum
1015 1782 1058 1837 sie
1077 1783 1252 1846 extenditm,
1267 1781 1383 1837 scilicet
1400 1790 1435 1836 ut·

376 1861 481 1919 habeat
504 1870 600 1918 totum
621 1865 792 1936 altclagium
815 1866 946 1920 ecclesias
971 1866 1007 1920 do
1028 1866 1091 1937 Foy
1110 1871 1140 1920 et
1163 1867 1276 1921 curiam
1300 1872 1433 1920 nostram

376 1963 452 2005 cnm,
467 1947 610 2013 domibus,
644 1956 763 2021 excepto
793 1950 898 2006 horreo
930 1955 1030 2006 nostro
1054 1959 1084 2006 ct
1114 1950 1246 2022 guedinis
1276 1956 1308 2006 et
1338 1952 1432 2022 pratis

375 2031 585 2103 pertinentibus
605 2034 643 2088 ad
663 2034 770 2089 dictam
790 2035 953 2099 eeclesiam,
968 2040 998 2089 ot
1009 2033 1156 2090 redditum
1173 2052 1262 2106 quem
1281 2034 1319 2089 de
1336 2035 1432 2089 homi·

372 2116 460 2171 nibus
480 2117 587 2172 nostris
607 2117 642 2171 do
664 2117 727 2189 Foy
745 2118 782 2172 de
800 2118 883 2173 nobis
904 2119 1071 2174 tenentibus
1096 2119 1260 2174 solebamus
1285 2119 1430 2190 accipere.

374 2200 415 2255 Et
432 2206 573 2272 praetcrea
585 2203 780 2257 concessimus
801 2202 897 2258 eidem
909 2203 1027 2274 Rogero
1038 2203 1088 2274 xij.
1102 2220 1259 2259 oronnooos
1279 2203 1429 2274 silnginis.

375 2290 405 2340 et
429 2291 554 2356 quatuor
578 2287 726 2357 quarteria
749 2304 847 2343 avenae
871 2305 939 2343 cum
962 2294 1025 2343 toto
1049 2288 1161 2358 foragio
1185 2288 1320 2359 ejusdcm
1350 2288 1432 2343 bladi

374 2368 411 2423 ad
435 2370 543 2425 festum
569 2370 668 2426 Sancti
691 2369 845 2427 Michaelis
867 2371 903 2426 do
934 2371 1038 2426 horreo
1062 2377 1161 2428 nostro
1185 2372 1264 2444 apud
1289 2371 1353 2443 Foy
1377 2389 1431 2443 per

374 2471 492 2507 manum
511 2454 646 2510 colorarii
668 2455 761 2510 nostri
781 2455 832 2526 qui
850 2473 903 2526 pro
927 2461 1058 2527 tempore
1078 2456 1169 2512 fuerit
1188 2456 1341 2511 annuatim
1365 2473 1431 2528 per·

375 2537 517 2608 cipienda.

409 2620 446 2675 In
470 2621 554 2693 eujus
578 2623 622 2677 roi
645 2621 845 2679 testimonium
862 2640 990 2695 presens
1010 2622 1151 2695 scriptum
1175 2624 1206 2679 in
1233 2624 1322 2681 modo
1345 2642 1429 2696 cyro·

376 2705 491 2777 graphi,
512 2712 566 2761 etc.

702 2893 885 2961 OOLXIII.
910 2893 1106 2961 Decedam.

413 3040 513 3096 Sciant
529 3046 688 3114 presentes
707 3048 737 3096 et
756 3041 856 3107 futuri,
885 3042 963 3112 quod
988 3059 1043 3114 ego
1071 3040 1227 3108 Joharmes,
1256 3041 1313 3096 Dei
1333 3041 1430 3114 gratia

376 3125 464 3181 abbas
495 3133 525 3180 et
555 3131 712 3180 conventus
744 3122 843 3180 Sancti
874 3125 956 3180 Pet-ri
988 3125 1189 3190 Gloueestriae,
1228 3128 1427 3181 concessimus

375 3210 496 3280 Hugoni
515 3209 650 3274 Mundak,
671 3227 723 3281 pro
742 3209 878 3279 homagio
897 3215 928 3264 et
954 3209 1073 3264 servitio
1100 3229 1162 3273 suo,
1184 3211 1338 3282 sexaginta
1364 3228 1428 3282 sep-

375 3301 435 3347 tem
453 3312 534 3348 acras
553 3300 639 3348 terrae
657 3300 688 3347 et
704 3293 857 3348 dimidiam
874 3293 1051 3364 pertinentes
1070 3294 1107 3348 ad
1126 3294 1280 3350 ecclesiam
1297 3304 1428 3350 nostrum

375 3378 410 3431 dc
430 3379 490 3447 Foy
509 3380 540 3431 in
558 3378 686 3431 manerio
705 3377 741 3431 de
765 3377 888 3443 Ethone,
917 3396 1040 3448 quarum
1067 3379 1220 3449 particula]
1239 3379 1282 3434 sic
1306 3381 1427 3450 jacent;

375 3462 406 3516 in
424 3479 482 3515 nna
499 3461 614 3516 cultura
632 3479 697 3531 quae
716 3466 761 3516 cst
773 3461 849 3516 inter
866 3462 945 3516 viam
964 3479 1029 3531 qum
1048 3479 1080 3516 se
1099 3463 1229 3517 extendit
1247 3463 1283 3516 de
1302 3464 1429 3518 eeclesia

375 3545 411 3599 de
430 3546 492 3617 Foy
510 3563 613 3601 versus
637 3545 711 3600 Esse
736 3544 773 3599 ad
799 3563 905 3616 aquam
930 3563 995 3616 quta
1020 3552 1141 3601 vocatur
1165 3546 1260 3616 Waya
1278 3547 1379 3602 decem
1399 3554 1429 3602 ct

373 3648 478 3685 novem
503 3647 578 3684 aerea
606 3635 636 3684 ct
660 3628 782 3683 dimidia
805 3629 1010 3696 continentur,
1041 3636 1184 3700 praterea
1208 3636 1269 3685 tres
1301 3631 1428 3686 cultrum

369 3714 470 3785 jacent
487 3732 575 3785 super
593 3713 714 3769 eandem
738 3713 817 3769 viam
842 3714 919 3768 inter
936 3720 1045 3768 terram
1070 3713 1192 3769 Roberti
1213 3715 1251 3768 de
1269 3714 1428 3770 Ghaundos

373 3804 403 3852 et
420 3797 547 3853 terram¹
566 3798 602 3852 de
627 3797 698 3869 Foy,
721 3815 786 3868 qnae
812 3798 961 3853 continent
985 3797 1110 3870 triginta
1136 3798 1266 3868 quinquo
1285 3816 1369 3854 acras
1398 3808 1428 3855 et

372 3881 542 3948 dimidiam
574 3883 646 3938 item
663 3900 722 3936 nna
740 3883 856 3936 cultura
870 3882 956 3952 juxta
974 3881 1152 3937 cimiterium
1170 3899 1206 3936 ox
1230 3888 1314 3954 parto
1333 3885 1428 3938 orien-

372 3966 433 4030 tali,
454 3974 485 4022 et
503 3967 631 4023 continet
649 3967 721 4022 duas
739 3984 821 4022 acras
841 3974 871 4022 ot
890 3966 1059 4032 dimidiam
1085 3972 1115 4022 ot
1132 3985 1191 4021 nna
1214 3967 1333 4023 cultura
1360 3987 1428 4040 quae

370 4058 492 4106 vocatur
511 4050 644 4123 Dunlcye
662 4051 791 4107 continet
814 4051 851 4105 ix.
872 4068 953 4106 aeras
973 4056 1003 4105 ct
1020 4050 1190 4117 dimidiam3
1220 4051 1376 4107 tenendam
1397 4062 1427 4109 et

370 4135 531 4190 habendam
549 4142 640 4191 totam
661 4135 831 4207 praedictam
851 4141 961 4192 terram
979 4135 1036 4191 sibi
1058 4140 1088 4191 et
1108 4134 1275 4190 haeredibus
1294 4137 1358 4192 suis
1377 4138 1425 4193 rol

370 4220 527 4289 assignatis
552 4220 623 4285 suis,
649 4220 777 4291 exceptis
801 4219 868 4275 aliis
896 4220 968 4276 viris
987 4218 1145 4290 religiosis,
1183 4218 1285 4285 libere,
1312 4223 1423 4292 quiete,

369 4310 400 4358 ot
416 4304 545 4374 pacifice,
564 4304 601 4358 ab
619 4305 697 4359 omni
716 4304 864 4359 oxaotiono
883 4310 913 4359 et
931 4303 1066 4360 saeculari
1084 4302 1236 4358 demanda.

403 4389 562 4444 lteddondo
573 4388 640 4442 inde
653 4390 803 4445 annuatim
815 4390 878 4460 ipso
890 4389 938 4444 vel
951 4387 1082 4444 haeredes
1096 4388 1142 4443 sui
1155 4387 1203 4443 vol
1216 4389 1362 4458 assigna-ti
1377 4391 1423 4445 sni

749 4700 755 4730 ¹
774 4699 877 4766 mom]
896 4698 1040 4761 terratis.
