3158 5610
195 2462 263 2514 M).
279 2469 350 2522 1282,

197 2530 266 2596 Sept
279 2537 319 2581 30.

196 2608 236 2659 of
245 2610 350 2660 Proces-

195 2681 233 2724 ter
244 2676 340 2740 chapel.

363 739 429 801 310
654 749 904 801 cseruusmuu
928 751 1141 800 uonisrurur

367 923 443 977 fecto
469 923 616 977 tenebitur
641 930 745 976 extunc
775 922 885 976 eisdem
906 922 1055 992 religiosis
1078 922 1247 977 satisfacere
1275 926 1307 978 et
1327 924 1431 978 reiun-

372 1007 442 1061 dere
463 1006 604 1076 quicquid
629 1024 646 1060 a
674 1005 852 1059 confectione
871 1007 1024 1076 praesentis
1050 1007 1248 1062 conventionis
1275 1009 1432 1063 ermuotim

371 1090 518 1161 receperit
551 1091 587 1144 ab
615 1090 687 1160 ipsis
709 1090 867 1160 religiosis,
893 1096 926 1144 ut
950 1090 981 1144 in
1006 1091 1178 1145 liberatione
1203 1090 1377 1162 supradicta
1401 1099 1433 1147 et

370 1175 436 1229 eliis
464 1175 519 1228 sibi
544 1176 639 1237 sectis,
667 1174 827 1228 secundum
852 1173 930 1244 quod
951 1192 1003 1245 per
1026 1174 1191 1246 fidedignos
1216 1177 1328 1247 poterit
1348 1177 1430 1232 eruti·

370 1259 454 1321 mari,
475 1259 553 1312 ultro
574 1258 704 1311 valorem
715 1264 803 1311 terrae
818 1258 965 1328 praedictae
983 1276 1158 1331 perannum
1176 1276 1242 1330 quoe
1260 1261 1431 1316 aestimetur·

367 1358 419 1412 per
443 1341 605 1412 fidedignos
631 1341 668 1395 ud
691 1342 741 1395 xii.
769 1341 877 1395 solidos
909 1347 939 1395 et
971 1341 1072 1397 decem
1096 1342 1240 1407 denarios,
1267 1360 1365 1413 usque
1392 1343 1431 1398 od

368 1425 443 1479 illud
462 1431 577 1495 tempus
598 1426 704 1495 inquo
726 1425 843 1480 eosdem
863 1425 975 1496 ceperit
996 1443 1112 1483 vexare,

402 1509 439 1562 In
464 1526 588 1580 quorum
613 1509 742 1563 onmium
766 1509 856 1563 robur
876 1515 906 1564 et
923 1509 1125 1566 testimonium
1149 1509 1290 1581 presenti
1315 1512 1431 1582 scripto

366 1592 466 1663 sigilla
483 1594 620 1664 portium,
642 1599 697 1647 etc.

517 1885 737 1953 CCLXXIII.
763 1887 868 1952 Corte
889 1886 1065 1953 Jotaocis
1088 1887 1129 1954 de
1151 1887 1274 1954 Arme

406 2036 509 2093 Sciant
526 2044 684 2108 praesentes
704 2044 734 2093 et
751 2037 854 2104 futuri,
875 2036 941 2093 etc.¹

561 2287 772 2354 CCLXXIV.
796 2289 845 2354 De
868 2288 999 2374 capello
1021 2288 1226 2356 Froeceetre.

400 2447 621 2501 Memoreudum
660 2447 737 2518 quod
768 2464 834 2500 oum
866 2445 1035 2517 parochiani
1072 2447 1108 2500 de
1144 2446 1217 2501 villu
1247 2447 1426 2502 ffioucestre

364 2536 461 2587 essent
490 2531 685 2602 peremptorio
724 2531 821 2585 vocuti
852 2531 930 2602 quod
967 2538 1169 2601 comparerent
1204 2549 1305 2586 coram
1341 2531 1427 2586 nobis

363 2615 500 2670 officiario
518 2616 687 2686 Wygoruiur
707 2616 737 2668 in
764 2615 888 2669 ecclesie
907 2614 1007 2669 Sancti
1024 2614 1054 2669 N
1056 2615 1162 2669 icholei
1180 2614 1377 2671 Gloucestrioe
1396 2617 1425 2670 iu

363 2700 490 2754 crastino
510 2698 610 2753 Sancti
629 2697 792 2761 Michaelis,
820 2717 894 2752 anno
918 2699 1002 2769 regni
1030 2699 1110 2771 regis
1130 2698 1270 2755 Edwardi
1298 2700 1423 2764 decim0,

362 2784 532 2854 responsuri
566 2802 656 2854 quere
691 2783 834 2854 cupellam
872 2782 1046 2837 Froucestrc
1083 2802 1140 2838 non
1179 2784 1357 2855 reparabant
1396 2790 1426 2839 et-

363 2868 575 2939 cooperiebent.
600 2867 672 2921 Ideo
685 2866 862 2937 parochiani,
877 2884 975 2920 eorem
987 2867 1070 2921 nobis
1084 2868 1115 2921 in
1129 2867 1245 2940 judicio
1258 2870 1422 2933 constituti,

363 2953 568 3023 inpraesentia
586 2950 690 3005 vicarii
718 2950 851 3020 ejusdem
876 2950 932 3003 loci
962 2950 1129 3020 allegabunt
1155 2951 1234 3023 quod
1252 2953 1337 3022 prius
1356 2970 1422 3007 cou-

363 3042 482 3091 ventum
501 3042 564 3089 eret
577 3035 653 3088 inter
672 3035 782 3087 dictum
795 3034 938 3087 ricarium
958 3041 988 3088 ct
1000 3035 1079 3104 ipsos
1099 3035 1176 3105 quod
1194 3035 1274 3088 idem
1293 3037 1423 3090 vicarius

365 3121 485 3175 heberet
510 3120 628 3174 tertiam
658 3125 772 3188 purtem
803 3117 966 3187 legatorum
995 3116 1126 3170 ccelesiis
1157 3118 1243 3171 (lictae
1274 3120 1355 3172 villu·
1388 3120 1422 3173 de

367 3206 545 3266 Froucestrc.
572 3212 601 3256 et
619 3203 696 3256 idem
716 3202 843 3255 vicarius
863 3200 971 3254 dictam
997 3201 1139 3270 capellum
1168 3203 1312 3260 reficeret.
1335 3222 1421 3273 riuum

362 3289 583 3344 conventionem
621 3287 696 3340 idem
735 3286 862 3339 vicarius
900 3285 1046 3338 fatebatur
1077 3303 1223 3355 expresse,
1257 3295 1287 3340 et
1325 3307 1356 3340 sc
1387 3306 1420 3340 ex

363 3373 530 3443 hujusmodi
550 3371 739 3425 conventione
753 3370 789 3422 ad
802 3368 987 3421 reficiendum
1002 3374 1030 3422 ct
1049 3369 1293 3440 cooperiendum²
1313 3370 1419 3425 dietum

362 3458 503 3527 capellum
534 3456 636 3510 teucri.
686 3454 769 3507 Unde
800 3473 861 3515 uos,
895 3453 1026 3523 ejusdem
1058 3453 1160 3506 vicarii
1196 3456 1420 3509 couventionem

363 3543 465 3604 secuti,
488 3542 597 3594 dictum
618 3538 758 3592 vicariurn
778 3538 814 3590 ecl
839 3536 1093 3591 relicicnde1u³0t
1115 3538 1339 3609 cooperiendam
1360 3539 1419 3592 dio-

362 3635 421 3681 tam
440 3626 581 3696 capellum
604 3624 633 3677 in
653 3623 709 3675 hiis
730 3622 847 3692 scriptis
866 3622 1102 3684 condemnamur,
1124 3628 1153 3674 et
1177 3623 1309 3692 praefa'tis
1338 3641 1420 3695 pero·

364 3710 477 3764 chienis
497 3709 533 3763 ad
553 3707 722 3762 solvendum
736 3706 830 3759 cidem
850 3705 958 3759 vicario
972 3706 1089 3759 tertiam
1107 3709 1221 3775 partem
1242 3705 1417 3774 legatorum.

366 3800 397 3848 ut
415 3793 587 3864 praedictum
607 3799 659 3852 cst,
681 3789 818 3842 similiter
836 3789 1071 3842 condemnamus.

399 3876 508 3929 Datum
527 3876 573 3929 die
593 3882 621 3928 ct
641 3873 703 3928 loco
722 3871 878 3943 predictis
900 3891 972 3925 rinno
992 3872 1108 3926 Domini
1135 3872 1293 3927 millesimo
1313 3874 1420 3927 duceu-

364 3961 467 4015 tesimc
487 3960 664 4026 ‹icutgcsiuro
684 3956 831 4009 secretio*

399 4268 487 4315 'This
511 4268 533 4313 is
563 4281 577 4312 u
606 4265 737 4327 repetition
768 4266 798 4310 ot'
823 4265 864 4311 the
888 4299 890 4319 J
923 4320 924 4323 Ἰ
946 4263 1167 4325 2ιεικψιτὶεηείυιη]
1215 4264 1419 4325 emperierrdum,

365 4348 462 4397 charter
470 4345 606 4393 nuurbercd
616 4341 774 4391 CLXXXV.
786 4343 863 4402 (ente,
887 4344 889 4397 l
914 4341 970 4392 MS.

365 4443 388 4491 p.
401 4429 472 4489 256),
490 4425 552 4473 with
575 4424 617 4472 the
637 4422 766 4485 following
782 4421 864 4470 rerin-
886 4407 889 4457 f
945 4420 1141 4485 'rejiciendam
1161 4420 1336 4477 reficiendum.
1348 4424 1406 4474 Mc.

365 4507 418 4557 tion
431 4515 457 4554 nt
468 4504 511 4553 the
523 4503 759 4554 enm-“Eundem
771 4501 863 4550 securi-
885 4512 888 4553 l
946 4502 952 4529 ¹
970 4501 999 4549 In
1025 4501 1067 4550 the
1086 4500 1142 4551 MS.
1164 4501 1207 4551 the
1226 4503 1370 4554 remsinrler
1393 4506 1425 4554 of

363 4592 380 4615 ⁸⁶
399 4592 542 4644 tetemetc.
578 4580 825 4643 lncujusrei.etc.''
885 4560 1069 4645 lthispsgeis
1088 4581 1134 4632 lest
1151 4582 1237 4639 blank,
1257 4584 1309 4632 eud
1328 4583 1356 4631 iu
1375 4585 1419 4635 tlte
