3158 5610
343 704 409 770 230
633 714 887 765 carrumumu
909 714 1120 764 noussrmn

411 890 487 942 douo
514 904 630 956 regum.
650 887 806 958 largitione
824 888 1002 959 principum.
1022 888 1069 942 vel
1089 886 1235 940 oblatione
1254 882 1405 945 fidelium,

413 973 460 1025 vel
481 972 704 1041 quibuscunque
733 973 867 1026 fidelibus
893 973 939 1026 vel
967 973 1192 1044 quibuscunque
1216 968 1286 1023 aliis
1310 966 1409 1037 justis

413 1057 506 1111 modis
535 1055 633 1127 adepti
666 1062 743 1119 sunt,
772 1063 802 1111 et
832 1076 926 1128 usque
958 1058 996 1112 ad
1025 1058 1088 1111 hoec
1117 1062 1252 1124 tempore
1280 1050 1409 1123 pacifice

411 1139 613 1211 possederunt,
643 1141 686 1194 eis
712 1141 887 1196 auctoritate
914 1148 1015 1197 nostra
1042 1140 1247 1195 confirmemus
1275 1137 1308 1190 in
1335 1152 1407 1207 per-

411 1232 534 1296 pet-uum
559 1224 744 1295 possidenda,
772 1232 803 1281 et
828 1227 985 1297 praesentis
1011 1225 1116 1296 scripti
1145 1223 1223 1279 serie
1248 1220 1410 1291 sigillique

411 1311 504 1365 nostri
533 1309 716 1380 appositione
743 1309 927 1367 declaramus
953 1310 1133 1365 confirmata.
1172 1306 1346 1362 Statuentes
1375 1310 1409 1359 et

410 1394 574 1447 districtius
602 1393 766 1448 inhibentes
794 1402 827 1448 ut
854 1395 954 1449 nullus
980 1412 1030 1449 eos
1056 1392 1195 1462 deinceps
1220 1407 1312 1461 super
1342 1388 1406 1444 hiis

409 1478 516 1532 audeat
533 1477 699 1531 molestare.

377 1584 560 1654 inspeximus
580 1584 669 1638 etiam
694 1585 854 1638 eorundem
881 1584 996 1639 abbatis
1015 1588 1046 1638 et
1062 1582 1274 1638 monachorum
1291 1581 1409 1636 instru-

339 1681 446 1727 menta,
467 1669 497 1722 iu
517 1669 623 1738 quibus
645 1678 781 1723 contenta
799 1686 865 1723 esse
883 1668 1088 1740 perspeximus
1106 1667 1170 1721 haeo
1188 1684 1255 1736 quae
1272 1664 1407 1737 propriis

339 1752 488 1807 vocabulis
519 1752 657 1805 duximus
688 1752 886 1823 exprimenda,
915 1758 946 1807 et
970 1752 1002 1806 iu
1034 1749 1263 1805 confirmationis
1292 1754 1407 1803 nostre

338 1836 446 1890 litteris·
465 1835 628 1893 adicienda.
643 1833 758 1890 scilicet
769 1835 970 1890 molendinum
990 1835 1070 1906 apud
1087 1834 1179 1889 Cond’
1199 1832 1280 1905 quod
1291 1832 1407 1887 Robor-

338 1927 386 1975 tus
405 1921 441 1973 de
454 1920 619 1989 Berkeleya
636 1920 718 1974 dedit
736 1921 767 1973 in
785 1921 976 1975 elemosinam
995 1920 1032 1974 ad
1050 1918 1225 1974 invenienda
1241 1918 1407 1972 luminaria

338 2005 369 2059 iu
395 2005 566 2074 quotidiana
584 2004 677 2057 missa
695 2004 810 2059 Sanctia
828 2005 943 2069 Mariae,
963 2003 1041 2059 sieut
1065 2005 1097 2058 iu
1114 2002 1216 2058 eadem
1234 2008 1318 2058 carta
1336 2018 1405 2055 con·

337 2089 458 2151 tinetur‚
479 2095 508 2143 et
526 2105 642 2141 omnem
662 2094 794 2142 tenorem
818 2090 870 2159 qui
899 2088 940 2142 ibi
958 2088 1083 2143 habetur
1093 2109 1101 2153 ;
1127 2094 1157 2142 et
1176 2086 1250 2141 duas
1267 2085 1406 2156 virgatas

338 2179 425 2227 terras
462 2172 492 2225 in
529 2172 707 2242 Fromptoue
745 2190 818 2242 quas
855 2171 992 2243 Rogerus
1030 2172 1067 2225 de
1103 2171 1283 2243 Fromptone
1320 2169 1407 2225 dedit

340 2255 472 2311 ecclesiae
492 2254 591 2310 Sancti
611 2255 693 2310 Petri
713 2254 921 2322 Gloueestn'ae;
949 2262 980 2310 et
1006 2261 1116 2311 terram
1143 2253 1220 2325 apud
1244 2252 1405 2308 Estleccbe

340 2358 406 2410 quia
434 2340 491 2393 fuit
508 2339 651 2393 Willelmi
670 2339 796 2410 Hayruu
826 2346 856 2395 et
872 2339 999 2395 Walteri
1024 2339 1125 2395 fratris
1150 2338 1215 2407 ejus
1234 2346 1266 2392 et
1282 2338 1406 2391 'rhome

338 2424 472 2494 Hayrun‚
493 2423 569 2477 sicut
588 2424 619 2476 in
644 2440 746 2478 eorum
764 2424 854 2478 cartis
879 2423 1061 2487 continetur;
1089 2427 1119 2476 et
1137 2422 1268 2492 quinque
1286 2439 1404 2476 mareas

342 2508 552 2577 sterlingorum
583 2506 615 2560 in
646 2507 771 2562 ecelesia
800 2507 836 2562 de
867 2507 983 2577 Cemay
1012 2506 1129 2561 nomine
1159 2506 1310 2577 pensionis
1337 2524 1404 2576 per·

339 2591 490 2662 cipiendas
520 2609 574 2660 per
603 2608 722 2645 manum
758 2590 862 2646 vicarii
901 2591 953 2661 qui
988 2590 1020 2644 in
1055 2589 1159 2643 eadem
1195 2589 1322 2644 ecelesia
1351 2607 1405 2659 per

344 2675 462 2731 eosdem
487 2675 660 2729 auctoritate
692 2675 851 2746 episcopali
884 2674 974 2728 fuerit
1003 2674 1176 2736 institutus;
1209 2677 1240 2727 et
1270 2671 1405 2743 quinque

343 2778 458 2814 mareas
488 2758 606 2812 nomine
635 2759 783 2829 pensionis
813 2756 1017 2829 percipiendas
1052 2757 1084 2810 iu
1122 2755 1248 2810 ecclesia
1285 2755 1404 2811 Sancte

340 2843 444 2897 Mariae
480 2843 559 2912 apud
595 2841 810 2896 Gloucestriam
844 2849 911 2897 ante
947 2848 1062 2912 portam
1098 2841 1231 2903 abbatim,
1270 2840 1352 2895 sicut
1386 2859 1405 2895 a

339 2926 441 2980 multis
472 2937 551 2979 retro
581 2925 663 2979 annis
694 2926 861 2996 percepisse
891 2926 1093 2985 dinoscuntur.
1121 2930 1151 2979 et
1180 2924 1404 2995 perceptionem

339 3010 521 3065 decimarum
540 3027 662 3062 suarum
680 3009 758 3080 apud
777 3007 1030 3079 Kynemereiorde
1049 3008 1128 3062 sicut
1145 3024 1276 3077 unquam
1294 3008 1404 3062 melius

341 3108 372 3147 et
390 3094 520 3163 quietius
539 3111 588 3147 eas
608 3100 819 3163 perceperunt;
847 3099 877 3146 et
895 3092 1081 3147 donatiouem
1100 3108 1187 3158 quam
1207 3089 1349 3161 Paganus
1368 3091 1405 3146 de

342 3176 485 3231 Cadureis
524 3177 551 3229 ei
584 3177 662 3231 fecit.
691 3176 838 3240 videlicet,
874 3177 952 3246 quod
983 3177 1045 3245 ipse
1072 3184 1102 3229 et
1127 3174 1260 3228 heredes
1292 3176 1340 3229 sui
1374 3176 1403 3229 iu

344 3267 518 3332 perpetuum
544 3261 663 3330 proprio
694 3268 778 3314 custo
806 3278 859 3313 suo
888 3278 954 3314 cum
986 3259 1128 3329 operariis
1158 3265 1188 3313 et
1217 3260 1402 3315 messoribus

341 3346 403 3398 suis
433 3345 540 3398 facient
570 3356 691 3407 metere,
719 3344 870 3413 colligere,
898 3358 929 3398 et
959 3344 1103 3398 intassare
1140 3360 1240 3397 omues
1272 3342 1404 3398 decimas

343 3429 464 3482 dominii
485 3428 531 3481 sui
557 3427 592 3480 de
612 3428 862 3498 Kyuemereforde
880 3446 934 3499 per
951 3428 1047 3482 risum
1067 3427 1222 3481 servientis
1241 3428 1402 3482 eorundem

345 3514 563 3567 monachorum.
596 3511 743 3574 videlieet,
776 3512 919 3567 decimam
950 3530 1048 3567 acram
1078 3511 1168 3566 totius
1198 3512 1323 3566 dominii
1355 3513 1402 3566 sui

340 3615 393 3667 per
423 3597 556 3652 ordinem
588 3596 665 3651 sicut
695 3596 837 3667 quaelibet
862 3614 929 3651 acra
955 3597 1033 3650 exiet
1056 3596 1121 3650 loco
1146 3613 1199 3649 suo
1223 3612 1278 3665 per
1305 3604 1401 3652 totum

346 3680 508 3735 dominium
527 3698 613 3735 suum
632 3680 668 3733 de
696 3680 797 3733 eadem
823 3680 911 3743 rilla3
938 3680 1009 3734 item
1035 3697 1157 3749 gravam
1182 3679 1218 3733 de
1244 3679 1275 3733 la
1292 3678 1403 3751 Ruggc

346 3782 433 3835 quam
451 3765 560 3819 habeut
578 3766 615 3818 de
636 3764 710 3818 dono
729 3765 851 3818 Roberti
870 3764 906 3817 de
925 3765 954 3818 la
972 3764 1073 3827 Felde,
1093 3764 1171 3818 sieut
1188 3763 1219 3817 iu
1237 3764 1302 3833 ejus
1322 3770 1404 3819 curta

348 3849 529 3913 contimtum
563 3851 635 3903 item
661 3860 769 3902 terram
788 3848 930 3903 Willelmi
956 3848 992 3901 de
1020 3848 1238 3918 Leihamptone‚
1266 3848 1346 3903 sicut
1371 3849 1401 3902 in

344 3932 408 4000 ejus
428 3944 508 3986 carto
526 3934 707 3997 continetur3
744 3934 813 3987 item
839 3938 949 3988 terram
968 3950 1056 4004 quam
1074 3932 1184 3986 habent·
1201 3931 1280 4002 apud
1297 3932 1404 3987 Aldes·

341 4015 451 4069 worthe
470 4035 523 4087 per
541 4026 651 4071 cartam
669 4016 808 4071 Nicholai
826 4016 939 4081 Bruse;
959 4022 1076 4087 pratum
1094 4015 1172 4086 apud
1183 4014 1403 4071 Dumbelthoue

343 4118 378 4153 ex
397 4100 471 4153 douo
488 4100 632 4154 ll'illelmi
651 4101 819 4165 Frusselov,
840 4108 870 4155 et
897 4100 1042 4172 quandum
1061 4107 1170 4155 terram
1189 4106 1269 4154 retro
1287 4101 1401 4154 curiam

236 4236 242 4248 ,
341 4183 499 4237 eorundem
527 4185 605 4254 apud
629 4184 755 4238 Abilade
783 4202 819 4238 ex
846 4185 920 4239 dono
945 4184 1094 4256 Badulphi
1119 4185 1155 4239 de
1180 4184 1343 4239 Wilintoue
1371 4194 1402 4240 et

346 4266 521 4338 Olimpiadis
540 4267 638 4321 uxoris
667 4286 744 4332 sute3
775 4268 846 4322 item
874 4274 1000 4338 quatuor
1017 4285 1099 4322 acras
1120 4268 1157 4321 de
1174 4274 1259 4337 prato
1277 4276 1308 4322 et
1326 4268 1401 4323 duas

343 4368 424 4405 acras
453 4352 489 4405 de
516 4360 594 4406 terra
614 4353 717 4405 arabili
744 4353 775 4405 iu
803 4351 986 4423 Longeforde
1011 4352 1049 4406 ad
1074 4353 1251 4406 ferramenta
1276 4352 1402 4406 emenda

340 4436 424 4506 equis·
442 4437 574 4490 virorum
593 4435 796 4503 religiosorum
817 4436 965 4507 hospitum
984 4435 1252 4507 supervenientium
1271 4452 1307 4488 ex
1326 4436 1402 4491 dono

344 4517 485 4589 Wymurk
504 4521 614 4574 relictio
635 4520 777 4593 Johaunis
796 4521 1036 4577 Rancchei'aler.

379 4602 422 4657 Ut
449 4604 542 4675 igitur
567 4622 600 4658 ea
628 4622 693 4674 qme
720 4606 873 4676 praemissa
899 4618 967 4660 simt
993 4603 1100 4659 futuris
1126 4604 1307 4675 temporibus
1336 4623 1400 4677 per·
