3158 5610
524 792 550 839 s
574 790 673 839 emm
697 789 950 838 onotcisrmst
1197 775 1263 838 303

210 966 293 1021 nobis
313 974 344 1021 et
364 967 584 1022 successoribus
603 966 713 1021 nostris
732 983 821 1020 mmm
842 981 971 1019 maroam
983 963 1125 1018 bonorum
1147 963 1263 1018 sterlin-

211 1068 315 1121 gorum
335 1050 373 1104 ad
393 1050 467 1106 dnos
483 1052 625 1105 terminos
649 1051 727 1112 anni,
754 1049 902 1114 videlicet,
921 1048 1109 1103 medietatem
1133 1049 1165 1101 in
1190 1049 1264 1102 festo

210 1134 310 1188 Beetae
327 1130 431 1188 Merite
453 1136 482 1188 in
501 1135 621 1199 Martio,
641 1146 671 1189 et
697 1134 785 1188 aliam
809 1133 998 1188 medietatem
1023 1134 1054 1186 in
1078 1133 1154 1187 festo
1178 1131 1263 1186 Beati

209 1218 374 1282 Michaelis,
388 1219 469 1273 salva
488 1220 571 1274 nobis
592 1234 622 1274 et
642 1218 859 1274 successoribus
881 1219 989 1273 nostris
1007 1217 1099 1289 garda
1118 1216 1264 1289 praedicta

210 1318 297 1358 terrae
323 1322 418 1373 nsque
443 1304 480 1357 ad
507 1305 623 1375 plenam
647 1318 764 1358 aetatem
789 1302 939 1356 haeredum
968 1301 1014 1355 vel
1049 1302 1264 1371 assignatorum

211 1406 331 1442 snorum
343 1406 410 1441 cum
424 1388 533 1458 singuli
547 1389 604 1442 sibi
618 1387 785 1442 suecedent.
805 1386 889 1440 Idem
902 1404 972 1440 vero
989 1385 1080 1456 Hugo
1092 1400 1121 1440 et
1134 1383 1265 1439 haeredes

211 1474 257 1526 sni
268 1472 317 1525 vel
329 1473 472 1542 assignati
491 1473 537 1526 sui
550 1472 664 1527 curiam
676 1486 807 1526 nostram
826 1470 863 1524 de
886 1471 1065 1541 Bromptone
1084 1470 1129 1523 bis
1148 1470 1178 1522 in
1190 1485 1265 1523 anno

210 1570 380 1627 sequentur.
416 1556 456 1610 Et
477 1555 611 1627 quotiens
624 1556 782 1611 celerarius
798 1554 991 1610 Gloncestriae
1004 1554 1082 1625 ipsos
1099 1553 1265 1608 successive

210 1640 248 1694 ad
265 1640 457 1696 roborandam
478 1640 560 1694 illam
584 1641 697 1695 curiam
723 1658 777 1710 pro
801 1639 901 1710 aliquo
926 1638 1019 1693 arduo
1043 1639 1162 1708 negotio
1186 1639 1265 1708 ipsos

210 1723 327 1778 duxerit
344 1724 578 1789 emouendos,
599 1724 708 1778 ibidem
726 1724 845 1778 venient
868 1722 916 1777 vel
934 1740 988 1793 per
1013 1740 1044 1777 se
1070 1721 1116 1776 vel
1139 1739 1193 1792 per
1222 1721 1335 1776 ebs-71
1349 1721 1371 1768 b.

210 1809 359 1864 tornatos¹
385 1828 463 1864 suos.
508 1808 613 1864 Dictus
640 1826 711 1863 vero
736 1808 828 1878 Hngo
851 1809 1053 1878 juramentum
1081 1807 1164 1861 nobis
1192 1824 1264 1877 prae·

209 1895 297 1955 stitit,
306 1904 362 1949 etc.
387 1894 518 1948 Eandem
528 1894 727 1958 securitatem,
737 1906 792 1948 etc.
819 1893 858 1947 Et
868 1893 891 1947 si
903 1891 1003 1962 aliquo
1012 1909 1083 1946 casn
1096 1900 1265 1961 emergente

209 1979 360 2047 contingat
378 1977 456 2048 qnod
473 1977 643 2047 praedictam
663 1987 772 2031 terram
790 1976 886 2030 eidem
899 1975 1020 2045 Hngoni
1034 1975 1080 2029 vel
1100 1975 1265 2028 haeredibus

210 2063 273 2116 suis
300 2064 364 2116 sive
387 2063 540 2116 athrnatis
568 2062 631 2116 suis
655 2062 845 2116 warantizare
879 2079 937 2115 non
967 2061 1139 2130 poterimus,
1165 2059 1265 2113 decem

211 2165 323 2201 marcas
351 2147 466 2216 argenti
491 2146 571 2200 dieto
589 2146 710 2216 Hugoni
736 2145 783 2200 vel
808 2146 835 2199 ei
863 2145 915 2214 qni
942 2163 995 2214 pro
1022 2158 1153 2214 tempore
1178 2143 1266 2198 fuerit

211 2232 276 2300 ejus
294 2232 388 2286 baeres
406 2231 469 2285 sive
487 2232 655 2301 assignatus
674 2230 884 2300 persolvemus.

249 2316 284 2370 In
303 2317 388 2387 eujus
407 2316 461 2378 rei,
481 2324 537 2369 etc.

341 2635 519 2702 CCLXIV.
542 2635 670 2701 Pensio
692 2634 836 2702 eceleeioe
857 2634 898 2700 de
921 2633 1130 2720 Feyvesovvle.

249 2790 390 2846 Omnibus
409 2790 521 2847 Christi
546 2790 681 2846 fidelibus
699 2792 737 2846 ad
755 2809 828 2862 qnos
847 2809 975 2863 praesens
1000 2791 1142 2862 seriptum
1164 2807 1266 2863 perve-
1280 2791 1435 2842 Ofl'airiord

213 2876 300 2939 nerit,
325 2876 362 2929 A.
383 2884 414 2931 et
432 2877 469 2931 A.
496 2876 534 2929 de
558 2876 780 2931 'l'beukesburia
807 2892 836 2930 et
861 2876 898 2931 de
923 2876 1065 2930 Peresore
1091 2875 1146 2929 Dei
1170 2876 1267 2946 gratia
1279 2859 1382 2909 clm·

213 2960 343 3023 abbates,
362 2976 393 3016 et
411 2959 447 3014 G.
466 2961 547 3031 prior
565 2959 735 3015 Lantboniae
753 2960 878 3015 salutem
897 2961 928 3014 in
945 2961 1075 3016 Auctore
1093 2960 1208 3017 salutis.

251 3045 442 3100 [niv-emitoti
465 3054 572 3100 vestrae
598 3056 698 3099 notum
726 3062 791 3101 esse
818 3045 962 3110 volumus,
990 3046 1069 3117 qnod
1094 3063 1162 3101 cum
1180 3063 1268 3100 cansa

216 3147 282 3201 qnae
302 3129 472 3184 vertebatur
497 3130 575 3183 inter
601 3129 736 3184 abbatem
766 3142 796 3184 et
832 3130 988 3185 monachos
1014 3129 1206 3186 Gloucestriae
1234 3148 1268 3183 ex

216 3232 273 3266 nna
292 3228 374 3285 parte
392 3228 422 3268 et
440 3213 476 3267 R.
497 3212 625 3267 Barduli
639 3224 708 3268 tune
730 3215 870 3284 temporis
899 3232 1051 3285 personam
1077 3215 1209 3270 ecclesian
1233 3213 1270 3267 de

217 3297 394 3367 Fayresorde
424 3316 459 3352 ex
490 3298 582 3353 altera
613 3314 695 3368 parte
723 3316 813 3369 super
838 3299 961 3354 decimis
992 3308 1022 3354 et
1047 3298 1269 3354 obventionibus

216 3384 303 3436 nnius.
329 3382 414 3454 h5dae
440 3396 527 3437 terrae
553 3382 589 3436 dc
608 3381 790 3438 Middeltone
818 3401 905 3453 qnam
936 3384 1029 3454 Engo
1059 3383 1095 3438 de
1121 3383 1269 3438 Chanrces

215 3466 362 3538 qnondam
375 3467 478 3532 tenuit,
492 3485 564 3538 quas
578 3467 649 3521 dicti
669 3467 757 3522 abbas
776 3482 807 3521 et
824 3467 957 3521 monaehi
976 3467 1114 3538 petebant
1131 3480 1270 3537 tanquam

215 3551 253 3604 ad
277 3551 431 3606 ecclesiam
461 3570 545 3606 snam
569 3551 605 3605 de
634 3551 886 3622 Kynemeresorde
910 3553 1100 3621 pertinentes,
1125 3551 1208 3604 nobis
1234 3549 1271 3603 ab

215 3635 386 3690 Irmocentio
399 3653 473 3706 papa
490 3636 578 3691 tertio
597 3637 752 3691 commissa
774 3637 878 3690 fuisset
890 3634 1082 3698 terminanda,
1096 3634 1227 3705 partibus
1241 3634 1271 3687 in

216 3722 372 3791 praesentia
401 3730 502 3775 nostra
530 3720 709 3785 constitutis,
740 3734 901 3775 memorata
928 3719 1127 3774 controversia
1153 3717 1271 3773 tandem

217 3804 271 3858 boc
284 3805 339 3857 fine
353 3805 483 3875 quievit;
503 3804 642 3860 videlicet
654 3805 733 3876 quod
751 3805 875 3860 ecelesia
887 3803 923 3859 de
936 3803 1114 3874 Peyresorde
1130 3814 1272 3874 perpetuo

217 3889 381 3959 perciperet
398 3906 498 3943 omnes
517 3889 646 3945 decimas
672 3900 702 3945 et
729 3889 917 3944 obventiones
944 3894 1113 3942 memoratu
1140 3887 1217 3941 hidae
1235 3885 1271 3939 de

217 3971 407 4036 Middeltonc,
446 3973 585 4027 solvendo
624 3972 692 4027 inde
728 3974 879 4028 annuatim
907 3972 1031 4027 abbatim
1067 3971 1270 4034 Glaucestriae,

217 4068 366 4127 perpetuae
388 4058 467 4128 pacis
487 4057 616 4121 obtentu,
631 4057 703 4112 dnos
722 4075 825 4112 aureos
844 4058 875 4111 in
894 4058 968 4111 sesto
988 4055 1087 4111 Sancti
1105 4055 1271 4110 Michaelis,

218 4139 308 4195 Pacta
326 4156 424 4196 antem
450 4156 495 4196 est
520 4142 582 4196 baec
606 4142 779 4212 compositio
803 4142 881 4196 inter
908 4141 1054 4195 abbatiam
1078 4139 1271 4195 Gloncestriae

218 4242 253 4278 ex
289 4244 347 4279 una
377 4224 483 4297 parte,²
512 4240 541 4280 et
571 4226 724 4280 ecclesiam
755 4226 790 4279 de
821 4224 1072 4295 Kynemcresorde
1101 4243 1137 4280 ex
1166 4225 1270 4287 altera,

217 4325 359 4381 perpetuo
376 4310 526 4364 duraturo.

254 4395 293 4448 Et
311 4412 347 4448 ne
366 4413 401 4449 ea
419 4413 485 4464 qnae
503 4393 594 4448 semel
612 4395 684 4448 bene
703 4394 858 4449 terminato
876 4408 945 4449 sunt
965 4403 1061 4449 tractu
1080 4395 1219 4466 temporis
1241 4394 1270 4447 in

353 4627 831 4692 memeqaaomtomtoslls.

351 4709 1119 4781 mammetem-wamma
