3158 5610
468 756 496 803 8,
517 753 619 803 mm
641 753 895 806 owner-sums„
1142 746 1201 808 181

153 929 261 1000 viginti
286 930 361 986 dnn
383 929 484 1001 virgas
508 929 646 994 uluurise
665 929 858 1002 cumpollice
875 930 1062 1002 interposiw3
1093 931 1206 1004 inpro-

155 1014 300 1069 iunditste
325 1031 397 1070 vero
419 1015 576 1085 quinquies
604 1013 712 1085 viginti
737 1021 769 1069 et
796 1033 885 1069 unum
910 1015 1026 1086 virgum
1052 1016 1312 1081 ulnarium,tltb.

154 1116 223 1154 eum
251 1099 378 1170 polliee¹
401 1100 595 1170 interposito;
625 1107 705 1154 retro
727 1100 835 1170 viginti
864 1101 975 1170 virgus,
1005 1119 1073 1156 cum
1101 1103 1208 1173 polliee

155 1183 338 1256 interpositu.
391 1182 512 1252 Quando
540 1200 612 1238 vero
645 1183 804 1254 praedietus
835 1184 1001 1239 Ricardus²
1037 1187 1208 1257 praedietum

154 1280 265 1322 terrum
291 1287 310 1322 s
333 1267 417 1322 uobis
441 1268 561 1340 reecpit,
590 1267 745 1322 aedificium
771 1269 988 1340 superpositum
1012 1272 1208 1342 appretiatum

155 1351 214 1406 luit
230 1349 296 1422 [sd]
315 1352 389 1407 duos
406 1351 525 1407 solidos.
561 1351 594 1407 Si
612 1360 720 1416 eutem,
740 1352 840 1422 aliquo
856 1370 928 1407 essu
946 1364 1124 1424 emergente,
1144 1356 1207 1426 ipse

154 1435 205 1489 rel
220 1436 354 1491 heredes
371 1437 418 1491 sui
436 1444 546 1491 terrum
563 1436 658 1507 ipsum
681 1435 765 1491 nobis
783 1436 967 1507 reliquerint,
995 1438 1092 1492 simile
1117 1438 1207 1493 aedifi-

154 1519 246 1584 eium,
276 1519 325 1574 rel
354 1520 492 1592 pretimn,
521 1520 605 1575 nobis
637 1521 802 1574 restituent.
850 1520 933 1575 Idem
962 1538 1034 1574 vero
1063 1521 1208 1578 Bieardus

151 1603 354 1674 jurameutum
378 1605 464 1659 nobis
487 1604 627 1675 prestitit
651 1604 730 1674 quod
748 1604 842 1659 fidelis
868 1606 925 1659 erit
949 1606 1081 1660 ecelesiae
1098 1613 1207 1662 nostrae

154 1687 193 1742 de
210 1688 360 1743 reddendo
376 1688 493 1743 redditu
511 1694 611 1743 nostro
628 1688 758 1758 plenarie
777 1689 895 1743 statutis
908 1691 1062 1755 terminis;
1087 1698 1118 1746 et
1130 1692 1209 1763 quod

155 1789 213 1826 nee
240 1782 335 1827 urtem
363 1790 417 1827 nec
443 1773 596 1842 ingenium
625 1773 760 1843 exquiret
788 1773 865 1826 unde
894 1772 997 1826 domus
1027 1782 1127 1829 nostra
1155 1794 1209 1846 per

156 1870 292 1912 teum-um
310 1875 393 1912 sunm
418 1856 556 1911 damnum
579 1857 727 1921 incurrut;
753 1864 783 1910 et
801 1856 880 1926 quod
903 1857 1073 1927 predictum
1099 1867 1208 1914 terram

156 1960 253 2012 neque
270 1942 386 2006 vendet,
404 1959 501 2013 neque
525 1941 696 2002 excumbiet‚
716 1957 811 2011 neque
839 1941 870 1994 in
893 1940 1092 1995 vadimonium
1110 1951 1207 2013 ponet,

156 2044 253 2096 neque
269 2026 359 2081 ulicui
376 2027 407 2081 in
425 2025 543 2081 lendum
561 2032 592 2080 et
607 2025 809 2079 haereditstem
827 2023 933 2087 tradet,
949 2043 1044 2095 neque
1062 2025 1099 2079 sd
1117 2027 1208 2081 alium

157 2111 256 2167 lorum
286 2111 438 2182 religionis
467 2112 625 2166 uunsseret
659 2109 722 2163 sine
758 2126 880 2163 assensu
915 2117 1023 2162 nostro.
1078 2110 1209 2165 Eandem

158 2196 347 2252 murintem
372 2196 479 2251 sacient
501 2194 586 2250 nobis
611 2193 743 2248 haeredes
762 2194 809 2248 sui
834 2210 902 2248 cum
925 2193 1035 2263 singuli
1063 2193 1120 2249 sibi
1145 2213 1209 2250 sue·

157 2280 311 2336 oesseriut.

165 2355 173 2368 ⁶
194 2364 233 2421 Iu
249 2364 334 2436 cujus
351 2363 396 2419 rei
413 2362 613 2418 testimonium
631 2376 760 2433 praeseus
779 2359 921 2433 scriptum
939 2366 994 2414 etc.

499 2545 567 2612 tx
590 2544 640 2611 De
662 2545 766 2611 Brom
825 2566 873 2609 ne.

197 2682 340 2741 Ommtus
361 2682 473 2739 Christi
495 2681 631 2737 fidelibus
649 2679 687 2735 ad
705 2697 779 2750 quos
797 2697 926 2752 praeseus
947 2679 1090 2753 scriptum
1108 2697 1211 2754 perre-
1223 2687 1366 2741 Ollnuin

159 2770 248 2832 uerit,
272 2767 424 2824 Galiridus
448 2767 485 2821 de
502 2766 691 2838 Bromptoue,
711 2764 790 2820 filius
816 2764 937 2820 Roberti
961 2764 998 2820 de
1022 2765 1209 2837 Bromptoue,
1222 2757 1370 2823 Bmlm

160 2853 285 2910 salutem
303 2853 335 2908 in
352 2852 487 2906 Domino.

196 2937 303 2993 Sciatis
329 2936 407 3008 quod
425 2953 492 3007 ego,
512 2940 672 3005 montanee
693 2933 842 2988 voluntate
866 2950 941 2997 mea,
960 2933 1075 2988 reddidi
1099 2934 1163 2989 Deo
1180 2942 1211 2991 et

160 3022 291 3077 eeclesiae
315 3020 415 3076 Sancti
433 3019 513 3074 Petri
538 3018 575 3071 de
594 3017 786 3081 Gloueestriu,
806 3026 837 3072 et
853 3018 1002 3073 monachis
1020 3018 1128 3073 ibidem
1147 3019 1211 3074 Deo
1262 3083 1265 3086 Δ

161 3105 366 3169 servientibus,
391 3111 482 3160 totam
512 3110 622 3159 terrum
651 3119 719 3156 cum
744 3100 879 3156 omnibus
908 3104 1093 3173 pertinentiis
1123 3122 1211 3175 quum

162 3191 307 3246 Bobertus
325 3198 409 3261 peter
429 3206 512 3242 meus
532 3186 637 3241 habuit
656 3203 710 3256 per
727 3185 846 3239 ballium
864 3185 983 3240 Thomae
1001 3186 1147 3257 quondam
1164 3188 1214 3242 ab·

162 3275 237 3329 butis
257 3273 468 3336 Gloueestriae;
501 3277 622 3341 excepto
648 3278 733 3341 prato
761 3269 839 3339 quod
861 3270 943 3340 jacet
965 3269 1003 3324 sd
1025 3278 1114 3343 caput
1136 3271 1215 3343 prati

163 3358 242 3429 quod
258 3366 381 3413 vocetur
399 3355 599 3418 Smalemede;
626 3367 656 3408 et
672 3361 765 3408 totum
776 3360 886 3407 terrm
899 3354 980 3407 illam
994 3372 1062 3409 cum
1079 3357 1214 3412 omuibus

163 3443 357 3515 pertinentiis,
376 3448 496 3512 excepto
514 3447 598 3512 prato
616 3438 678 3502 illo,
698 3438 799 3492 remisi
823 3448 853 3493 et
880 3440 1135 3509 quietsmclumari
1154 3441 1214 3495 illis

162 3538 193 3582 et
210 3525 427 3581 successoribus
446 3525 508 3579 suis
521 3523 617 3577 deme
630 3530 660 3577 et
677 3522 713 3576 de
726 3522 891 3576 haeredibus
907 3523 981 3576 meis
999 3523 1029 3576 in
1041 3533 1214 3594 perpetuum

163 3611 241 3665 sieut
264 3610 317 3664 ills
334 3611 365 3664 in
383 3627 442 3680 qus
464 3608 539 3662 nihil
559 3607 639 3678 juris
667 3606 794 3661 clumsre
815 3606 906 3677 potui.
957 3606 996 3661 Et
1013 3624 1050 3660 ue
1074 3625 1139 3677 ego,
1166 3607 1215 3660 vel

163 3694 293 3749 haeredes
323 3693 391 3757 mei,
416 3692 530 3763 aliquid
550 3691 628 3762 juris
653 3690 689 3744 de
714 3698 820 3745 eaetero
847 3692 877 3744 in
904 3698 984 3745 terra
1010 3692 1063 3744 illu
1088 3691 1215 3746 clamare

163 3779 319 3850 possimus,
345 3777 481 3849 praesenti
499 3777 609 3846 scripto
633 3774 766 3844 sigillum
789 3792 888 3828 meum
913 3777 1052 3845 apposui3
1077 3776 1119 3830 ita
1137 3776 1216 3847 quod

163 3864 189 3918 si
207 3863 338 3932 aliquem
365 3872 478 3916 eurtum
506 3859 575 3914 inde
601 3859 786 3923 haberemus,
804 3859 854 3914 vel
880 3861 1011 3930 proferre
1038 3859 1106 3915 iude
1123 3860 1214 3916 relle-

164 3966 241 4013 mus,
260 3965 313 4018 pro
330 3946 412 4002 nullu
428 3944 592 4000 habebitur.

533 4115 623 4181 LXI.
648 4114 700 4182 De
721 4115 841 4181 eoclmn.

199 4234 310 4290 Notum
328 4234 369 4290 sit
386 4232 520 4288 omnibus
539 4218 617 4303 quod
634 4248 691 4302 ego
708 4230 865 4294 Henricus,
886 4230 941 4285 Dei
959 4233 1056 4303 gratis
1078 4233 1168 4288 ubbus
1186 4231 1314 4290 eroum

164 4332 324 4375 conventus
344 4319 444 4374 Sancti
463 4318 545 4372 Petri
565 4316 767 4379 Glonoesuiae,
788 4317 994 4380 concessimus,
1014 4325 1044 4373 et
1062 4317 1117 4372 hnc
1135 4317 1301 4373 cartam-

164 4416 264 4459 nostre
282 4403 528 4465 confirmavimus,
549 4399 682 4455 Gulfrido
700 4399 736 4453 de
754 4399 942 4471 Bromptoue,
962 4401 1022 4456 filio
1040 4401 1161 4457 liuberti
1179 4402 1215 4457 de

188 4536 326 4542 ——--
1062 4531 1208 4539 --——-—

341 4536 351 4540 ⁶
399 4581 523 4650 ιιιοιιιέι]
541 4581 699 4647 votens

399 4662 557 4729 ’μαι-ιω
567 4659 707 4729 mun]
729 4661 882 4727 mern
894 4661 951 4715 us
