3158 5610
523 755 549 804 S.
572 752 672 802 mm
695 751 945 802 umbem

553 969 707 1036 LXXVI.
729 970 780 1036 De
802 970 924 1037 ecdem

246 1118 357 1174 Notum
371 1119 409 1174 sit
421 1119 555 1175 omnibus
574 1119 689 1176 Sanctae
700 1120 840 1175 Ecclesiae
853 1121 933 1183 filiis,
947 1119 1026 1190 qnod
1037 1135 1093 1190 ego
1104 1118 1261 1190 Rogerius,
1275 1118 1314 1169 Ol
1322 1119 1365 1169 the

211 1221 309 1258 comes
339 1204 531 1269 Heresordiae,
562 1223 616 1276 pro
645 1206 743 1259 mima
770 1222 845 1268 mes,
874 1212 904 1260 et
932 1222 986 1275 pro
1009 1204 1160 1258 animabus
1184 1201 1351 1258 unte-“¹³²

210 1306 361 1344 oessorum
387 1307 529 1351 meorum,
549 1290 679 1344 concessi
697 1296 732 1344 nt
747 1289 882 1343 monachi
899 1289 936 1343 de
955 1288 1139 1344 Gloueestria
1156 1289 1265 1343 saciant

212 1373 332 1427 dcunnm
350 1375 382 1428 in
398 1381 478 1429 tem
495 1392 549 1428 sun
567 1376 598 1428 in
615 1376 678 1429 toro
696 1392 784 1445 quam
796 1374 935 1428 Adelasia
951 1374 1166 1428 vicecomitissa
1183 1373 1293 1428 deditt
1308 1382 1346 1428 16.

212 1458 266 1521 eis,
285 1466 317 1512 et
332 1459 407 1513 hanc
430 1459 511 1514 illius
536 1459 729 1522 donatiouem,
749 1467 780 1513 et
802 1476 897 1512 meam
922 1458 958 1512 de
985 1458 1070 1512 domo
1097 1457 1266 1512 aedificnnda

212 1543 443 1614 permissionem,
463 1542 564 1614 sigillo
580 1560 646 1598 meo
664 1552 695 1599 et
711 1544 849 1614 praesenti
867 1543 977 1613 scripto
994 1542 1173 1598 confirmari.
1196 1541 1265 1596 Hiis

213 1627 348 1682 testibus.

551 1809 724 1874 LXXVIL
747 1809 798 1875 De
820 1810 939 1876 eodem.

249 1942 424 2018 R[0bertus]
437 1947 519 2018 regis
537 1946 626 2010 filius,
648 1944 840 2000 Gloucestrim
861 1945 972 2011 consul,
987 1944 1022 2000 G.
1035 1946 1071 2001 de
1083 1945 1267 2002 walteri-illa
1278 1953 1367 2004 ustie

215 2031 358 2103 dapifero,
385 2039 416 2086 ct
441 2031 578 2087 omuibus
606 2031 667 2085 suis
694 2030 852 2085 baronibus
878 2038 967 2100 utque
985 2029 1120 2085 fidelibus
1137 2031 1264 2101 Angliae,
1278 2037 1354 2071 ⁸¹¹¹*-

214 2116 349 2171 mlnten'n
1324 2146 1330 2161 .

251 2201 360 2256 Scintis
377 2217 425 2254 me
436 2200 625 2261 concessisse,
644 2216 698 2270 pro
716 2198 915 2269 redemptione
933 2199 1037 2253 animae
1054 2216 1137 2262 meae,
1157 2198 1220 2253 Deo
1238 2205 1268 2253 et

215 2284 322 2340 Sancto
335 2285 432 2347 Petro,
447 2293 477 2338 et
488 2283 586 2338 nbbsti
605 2291 635 2339 et
652 2284 802 2338 monachis
815 2282 1017 2348 Gloucestfim,
1037 2283 1105 2337 illas
1123 2284 1267 2337 maisnras

215 2378 301 2424 terrae
319 2369 394 2423 inira
412 2368 626 2422 Gloucestriam
644 2385 717 2439 quas
736 2367 853 2421 domina
868 2367 1008 2438 Adclysa,
1027 2375 1121 2422 meter
1132 2366 1267 2422 Walterii

215 2453 408 2508 Gloucestriae
437 2452 654 2514 constabulnrii‚
686 2453 729 2506 eis
759 2452 790 2505 in
820 2452 1008 2506 elemosinam
1044 2451 1145 2517 dedit;
1178 2453 1268 2506 salvis

216 2539 282 2592 inde
300 2540 375 2592 meis
393 2537 651 2592 consuctudinibus
669 2544 700 2590 et
717 2536 952 2591 rectitudinibus.
988 2536 1028 2590 Et
1045 2536 1112 2591 volo
1130 2538 1268 2607 quatinus

215 2623 289 2676 bene
315 2630 346 2676 ct
370 2623 401 2675 in
427 2639 498 2693 pace
526 2629 557 2675 et
580 2620 790 2675 honorabiliter
820 2621 887 2675 illas
912 2627 1040 2687 teneant,
1060 2628 1091 2676 et
1108 2621 1206 2676 nullus
1225 2622 1268 2676 cis

216 2707 283 2761 inde
301 2707 440 2777 injurium
458 2715 510 2761 unt
526 2705 734 2761 contumeliam
752 2705 867 2760 inierat

541 2908 733 2974 LXXVIII.
755 2908 805 2974 De
828 2909 948 2975 edem.

252 3034 408 3099 chricus,
442 3052 493 3089 rex
522 3035 648 3105 Anglize
680 3035 738 3089 dux
767 3034 955 3089 Normanniae
990 3042 1022 3090 et
1043 3036 1220 3108 Aquitaniae,
1240 3044 1271 3092 et
1282 3044 1349 3097 Ab.
1364 3051 1426 3097 1154

216 3138 313 3175 comes
331 3120 520 3189 Andeguviae,
540 3120 735 3191 burgensibus
764 3119 878 3175 abbatis
896 3119 1087 3176 Gloucestriae
1117 3123 1153 3176 de
1180 3123 1268 3177 Glon·
1280 3119 1372 3164 4139-

217 3207 332 3268 cestria
358 3204 491 3259 sulutem.
1282 3182 1370 3230 (ΜΕ

252 3289 395 3360 Praecipio
418 3289 500 3343 rubis
524 3287 604 3359 quod
626 3287 755 3343 reddatis
779 3287 875 3344 abbati
900 3287 1101 3355 Gloucestriae,
1121 3292 1157 3346 de
1181 3262 1355 3347 terrum

217 3392 290 3444 quas
308 3373 344 3426 de
364 3375 426 3444 ipso
444 3374 560 3438 tenetis,
580 3390 680 3427 omnes
691 3373 915 3428 consuetudines
933 3384 964 3430 ct
980 3377 1171 3431 rectitudines
1195 3395 1268 3449 quas

218 3459 284 3512 inde
303 3458 440 3512 solebatis
457 3456 580 3511 reddere
599 3465 729 3529 tempore
744 3459 792 3511 avi
809 3459 867 3512 mei
885 3459 965 3528 regis
978 3459 1118 3514 chrici:
1145 3462 1268 3532 quiade

217 3543 277 3597 illis
296 3561 360 3613 qnae
378 3542 416 3597 ad
438 3543 489 3612 jus
514 3541 645 3596 ecclesiae
664 3542 818 3612 pertinent,
839 3542 949 3598 nullam
968 3545 1168 3613 quietudinem
1185 3547 1268 3601 vobis

218 3628 356 3683 concessi.
392 3627 461 3681 Hiis
479 3625 614 3682 testibus.

558 3831 711 3896 LXXIX
735 3830 785 3897 De
806 3831 926 3899 ecdem

255 3957 354 4014 Sciunt
383 3962 541 4028 praeseutes
571 3966 601 4012 et
631 3958 733 4021 futuri,
753 3957 832 4029 quod
858 3976 915 4029 ego
932 3959 1067 4024 Thomas,
1093 3961 1149 4017 Dei
1173 3965 1268 4034 gratis
1281 3975 1370 4027 osche

219 4043 306 4098 abbas
330 4051 361 4097 ct
390 4049 548 4096 conventus
577 4041 709 4096 ecclesiae
740 4041 840 4096 Sancti
864 4043 946 4098 Petri
977 4044 1178 4113 Gloucestriae‚
1203 4068 1268 4104 con·
1282 4059 1358 4095 ⁸¹¹¹*-

218 4130 359 4183 cessimus
390 4127 529 4179 iratribus
554 4126 678 4180 infirmis
704 4126 857 4197 hospitalis
885 4127 985 4183 Sancti
1004 4128 1159 4201 Sepulchri
1182 4152 1268 4188 unam

218 4231 314 4266 ncrsm
333 4221 420 4265 terrae
440 4209 478 4263 nd
498 4209 679 4264 dilatandum
696 4210 814 4265 hortum
833 4229 934 4275 snum3
960 4215 1115 4270 tenendam
1132 4217 1168 4270 de
1186 4219 1269 4272 uobis

218 4299 249 4351 in
267 4309 440 4367 perpetuum
459 4311 513 4365 pro
532 4294 656 4363 quadum
674 4302 754 4348 terra
777 4311 865 4365 quam
884 4296 942 4366 ipsi
959 4296 1103 4354 dedemnt
1128 4301 1212 4356 uobis
1239 4305 1269 4358 in

218 4381 365 4436 Herelonc
383 4381 413 4433 in
431 4378 609 4432 escambium
626 4379 708 4433 illius
720 4397 814 4443 acrae5
832 4379 987 4434 tenendum
999 4382 1035 4436 de
1053 4384 1137 4439 feodo
1154 4388 1270 4441 comitis

220 4464 420 4526 Gloncesniae,
445 4463 568 4516 liberam
597 4469 628 4517 et
657 4463 786 4533 quietam
816 4463 854 4516 ab
876 4466 955 4518 omni
986 4469 1106 4522 servitio
1134 4489 1188 4541 pro
1212 4490 1270 4526 uno

219 4550 380 4621 quadrante
397 4547 434 4601 de
451 4546 638 4617 landgabulo.
688 4546 771 4616 Quod
795 4549 865 4618 quin
887 4555 985 4604 ratum
1012 4558 1044 4606 et
1067 4554 1269 4610 inconvulsum

219 4651 336 4689 manere
353 4634 500 4695 volumus,
519 4631 657 4703 presenti
674 4632 784 4703 scripto
801 4631 896 4688 diviso
907 4634 985 4690 inter
998 4654 1051 4692 nos
1068 4641 1268 4711 cyrographo3
