<?xml version="1.0" encoding="UTF-8"?>
<!DOCTYPE html PUBLIC "-//W3C//DTD XHTML 1.0 Transitional//EN"
    "http://www.w3.org/TR/xhtml1/DTD/xhtml1-transitional.dtd">
<html xmlns="http://www.w3.org/1999/xhtml" xml:lang="en" lang="en">
 <head>
  <title>
</title>
<meta http-equiv="Content-Type" content="text/html;charset=utf-8" />
  <meta name='ocr-system' content='tesseract 3.04.00' />
  <meta name='ocr-capabilities' content='ocr_page ocr_carea ocr_par ocr_line ocrx_word'/>
</head>
<body>
  <div class='ocr_page' id='page_1' title='image "./historiaetcartu00monagoog_0396.png"; bbox 0 0 3158 5610; ppageno 0'>
   <div class='ocr_carea' id='block_1_1' title="bbox 347 725 1121 788">
    <p class='ocr_par' dir='ltr' id='par_1_1' title="bbox 347 725 1121 788">
     <span class='ocr_line' id='line_1_1' title="bbox 347 725 1121 788; baseline -0.006 -2"><span class='ocrx_word' id='word_1_1' title='bbox 347 725 411 788; x_wconf 80' lang='lat'><strong>290</strong></span> <span class='ocrx_word' id='word_1_2' title='bbox 636 733 886 784; x_wconf 78' lang='lat' dir='ltr'><strong>onarenamun</strong></span> <span class='ocrx_word' id='word_1_3' title='bbox 910 732 1121 782; x_wconf 75' lang='lat' dir='ltr'><strong>neansrnan</strong></span> 
     </span>
    </p>
   </div>
   <div class='ocr_carea' id='block_1_2' title="bbox 343 907 1408 1317">
    <p class='ocr_par' dir='ltr' id='par_1_2' title="bbox 343 907 1408 1317">
     <span class='ocr_line' id='line_1_2' title="bbox 343 907 1405 981; baseline -0.004 -16"><span class='ocrx_word' id='word_1_4' title='bbox 343 917 431 965; x_wconf 81' lang='lat' dir='ltr'><strong>terra</strong></span> <span class='ocrx_word' id='word_1_5' title='bbox 449 927 536 980; x_wconf 88' lang='lat' dir='ltr'><strong>quam</strong></span> <span class='ocrx_word' id='word_1_6' title='bbox 554 910 711 981; x_wconf 72' lang='lat' dir='ltr'><strong>pradictus</strong></span> <span class='ocrx_word' id='word_1_7' title='bbox 730 908 875 964; x_wconf 84' lang='lat' dir='ltr'><strong>Robertus</strong></span> <span class='ocrx_word' id='word_1_8' title='bbox 888 908 1027 964; x_wconf 86' lang='lat' dir='ltr'><strong>similiter</strong></span> <span class='ocrx_word' id='word_1_9' title='bbox 1044 909 1156 974; x_wconf 82' lang='lat' dir='ltr'><strong>tenuit3</strong></span> <span class='ocrx_word' id='word_1_10' title='bbox 1176 912 1207 964; x_wconf 90' lang='lat' dir='ltr'><strong>et</strong></span> <span class='ocrx_word' id='word_1_11' title='bbox 1224 907 1299 963; x_wconf 85' lang='lat' dir='ltr'><strong>duas</strong></span> <span class='ocrx_word' id='word_1_12' title='bbox 1318 919 1405 961; x_wconf 80' lang='lat' dir='ltr'><strong>acras</strong></span> 
     </span>
     <span class='ocr_line' id='line_1_3' title="bbox 344 992 1406 1064; baseline -0.006 -16"><span class='ocrx_word' id='word_1_13' title='bbox 344 1001 431 1049; x_wconf 77' lang='lat' dir='ltr'><strong>terrea</strong></span> <span class='ocrx_word' id='word_1_14' title='bbox 447 1012 520 1064; x_wconf 87' lang='lat' dir='ltr'><strong>quas</strong></span> <span class='ocrx_word' id='word_1_15' title='bbox 534 992 700 1049; x_wconf 89' lang='lat' dir='ltr'><strong>Willelmus</strong></span> <span class='ocrx_word' id='word_1_16' title='bbox 719 992 797 1047; x_wconf 88' lang='lat' dir='ltr'><strong>filins</strong></span> <span class='ocrx_word' id='word_1_17' title='bbox 816 992 918 1048; x_wconf 78' lang='lat' dir='ltr'><strong>Edriei</strong></span> <span class='ocrx_word' id='word_1_18' title='bbox 936 993 1041 1058; x_wconf 89' lang='lat' dir='ltr'><strong>tenuit,</strong></span> <span class='ocrx_word' id='word_1_19' title='bbox 1062 992 1178 1047; x_wconf 85' lang='lat' dir='ltr'><strong>scilicet</strong></span> <span class='ocrx_word' id='word_1_20' title='bbox 1193 1008 1284 1047; x_wconf 86' lang='lat' dir='ltr'><strong>unam</strong></span> <span class='ocrx_word' id='word_1_21' title='bbox 1303 1006 1406 1045; x_wconf 88' lang='lat' dir='ltr'><strong>acram</strong></span> 
     </span>
     <span class='ocr_line' id='line_1_4' title="bbox 346 1073 1407 1148; baseline -0.008 -15"><span class='ocrx_word' id='word_1_22' title='bbox 346 1078 383 1133; x_wconf 85' lang='lat' dir='ltr'><strong>ad</strong></span> <span class='ocrx_word' id='word_1_23' title='bbox 396 1077 557 1133; x_wconf 84' lang='lat' dir='ltr'><strong>Stanifeldo</strong></span> <span class='ocrx_word' id='word_1_24' title='bbox 576 1094 664 1148; x_wconf 85' lang='lat' dir='ltr'><strong>super</strong></span> <span class='ocrx_word' id='word_1_25' title='bbox 682 1077 806 1141; x_wconf 87' lang='lat' dir='ltr'><strong>Burhul,</strong></span> <span class='ocrx_word' id='word_1_26' title='bbox 821 1082 851 1132; x_wconf 90' lang='lat' dir='ltr'><strong>et</strong></span> <span class='ocrx_word' id='word_1_27' title='bbox 862 1077 951 1132; x_wconf 87' lang='lat' dir='ltr'><strong>aliam</strong></span> <span class='ocrx_word' id='word_1_28' title='bbox 963 1094 1061 1132; x_wconf 85' lang='lat' dir='ltr'><strong>acram</strong></span> <span class='ocrx_word' id='word_1_29' title='bbox 1074 1093 1140 1148; x_wconf 82' lang='lat' dir='ltr'><strong>quae</strong></span> <span class='ocrx_word' id='word_1_30' title='bbox 1152 1080 1274 1131; x_wconf 80' lang='lat' dir='ltr'><strong>vocatur</strong></span> <span class='ocrx_word' id='word_1_31' title='bbox 1286 1073 1407 1128; x_wconf 80' lang='lat' dir='ltr'><strong>Ellene·</strong></span> 
     </span>
     <span class='ocr_line' id='line_1_5' title="bbox 347 1156 1407 1233; baseline -0.008 -17"><span class='ocrx_word' id='word_1_32' title='bbox 347 1179 414 1216; x_wconf 86' lang='lat' dir='ltr'><strong>aare</strong></span> <span class='ocrx_word' id='word_1_33' title='bbox 432 1179 520 1233; x_wconf 87' lang='lat' dir='ltr'><strong>super</strong></span> <span class='ocrx_word' id='word_1_34' title='bbox 538 1161 708 1225; x_wconf 86' lang='lat' dir='ltr'><strong>Heueacre;</strong></span> <span class='ocrx_word' id='word_1_35' title='bbox 735 1166 766 1215; x_wconf 93' lang='lat' dir='ltr'><strong>et</strong></span> <span class='ocrx_word' id='word_1_36' title='bbox 790 1179 879 1215; x_wconf 93' lang='lat' dir='ltr'><strong>unam</strong></span> <span class='ocrx_word' id='word_1_37' title='bbox 906 1178 1004 1216; x_wconf 85' lang='lat' dir='ltr'><strong>acram</strong></span> <span class='ocrx_word' id='word_1_38' title='bbox 1028 1166 1116 1216; x_wconf 84' lang='lat' dir='ltr'><strong>tcrrae</strong></span> <span class='ocrx_word' id='word_1_39' title='bbox 1143 1177 1235 1231; x_wconf 91' lang='lat' dir='ltr'><strong>quam</strong></span> <span class='ocrx_word' id='word_1_40' title='bbox 1252 1156 1407 1214; x_wconf 73' lang='lat' dir='ltr'><strong>Gerardrrs</strong></span> 
     </span>
     <span class='ocr_line' id='line_1_6' title="bbox 346 1240 1408 1317; baseline -0.007 -17"><span class='ocrx_word' id='word_1_41' title='bbox 346 1247 442 1300; x_wconf 86' lang='lat' dir='ltr'><strong>tenuit</strong></span> <span class='ocrx_word' id='word_1_42' title='bbox 471 1263 559 1316; x_wconf 91' lang='lat' dir='ltr'><strong>super</strong></span> <span class='ocrx_word' id='word_1_43' title='bbox 589 1244 836 1310; x_wconf 75' lang='lat' dir='ltr'><strong>Wolfledeworii3</strong></span> <span class='ocrx_word' id='word_1_44' title='bbox 866 1251 897 1300; x_wconf 87' lang='lat' dir='ltr'><strong>et</strong></span> <span class='ocrx_word' id='word_1_45' title='bbox 921 1245 957 1299; x_wconf 88' lang='lat' dir='ltr'><strong>de</strong></span> <span class='ocrx_word' id='word_1_46' title='bbox 982 1249 1140 1317; x_wconf 83' lang='lat' dir='ltr'><strong>augmento</strong></span> <span class='ocrx_word' id='word_1_47' title='bbox 1165 1243 1236 1299; x_wconf 82' lang='lat' dir='ltr'><strong>dedi</strong></span> <span class='ocrx_word' id='word_1_48' title='bbox 1262 1240 1408 1314; x_wconf 77' lang='lat' dir='ltr'><strong>proedicto</strong></span> 
     </span>
    </p>
   </div>
   <div class='ocr_carea' id='block_1_3' title="bbox 343 1325 1408 2826">
    <p class='ocr_par' dir='ltr' id='par_1_3' title="bbox 344 1325 1407 2141">
     <span class='ocr_line' id='line_1_7' title="bbox 347 1325 1406 1393; baseline -0.006 -10"><span class='ocrx_word' id='word_1_49' title='bbox 347 1329 474 1384; x_wconf 83' lang='lat' dir='ltr'><strong>Rebertc</strong></span> <span class='ocrx_word' id='word_1_50' title='bbox 491 1349 520 1384; x_wconf 85' lang='lat' dir='ltr'><strong>v.</strong></span> <span class='ocrx_word' id='word_1_51' title='bbox 539 1347 621 1384; x_wconf 84' lang='lat' dir='ltr'><strong>acras</strong></span> <span class='ocrx_word' id='word_1_52' title='bbox 645 1334 732 1384; x_wconf 73' lang='lat' dir='ltr'><strong>terra</strong></span> <span class='ocrx_word' id='word_1_53' title='bbox 758 1329 794 1383; x_wconf 89' lang='lat' dir='ltr'><strong>de</strong></span> <span class='ocrx_word' id='word_1_54' title='bbox 819 1329 965 1384; x_wconf 88' lang='lat' dir='ltr'><strong>dominico</strong></span> <span class='ocrx_word' id='word_1_55' title='bbox 988 1346 1063 1393; x_wconf 89' lang='lat' dir='ltr'><strong>mco,</strong></span> <span class='ocrx_word' id='word_1_56' title='bbox 1085 1328 1199 1385; x_wconf 84' lang='lat' dir='ltr'><strong>scilicet</strong></span> <span class='ocrx_word' id='word_1_57' title='bbox 1215 1346 1244 1382; x_wconf 84' lang='lat' dir='ltr'><strong>x.</strong></span> <span class='ocrx_word' id='word_1_58' title='bbox 1266 1325 1406 1381; x_wconf 83' lang='lat' dir='ltr'><strong>sellicnes</strong></span> 
     </span>
     <span class='ocr_line' id='line_1_8' title="bbox 346 1408 1406 1485; baseline -0.005 -19"><span class='ocrx_word' id='word_1_59' title='bbox 346 1412 471 1484; x_wconf 79' lang='lat' dir='ltr'><strong>desuper</strong></span> <span class='ocrx_word' id='word_1_60' title='bbox 489 1413 669 1468; x_wconf 87' lang='lat' dir='ltr'><strong>Middeltene</strong></span> <span class='ocrx_word' id='word_1_61' title='bbox 696 1431 762 1483; x_wconf 83' lang='lat' dir='ltr'><strong>qnae</strong></span> <span class='ocrx_word' id='word_1_62' title='bbox 785 1413 886 1483; x_wconf 85' lang='lat' dir='ltr'><strong>jacent</strong></span> <span class='ocrx_word' id='word_1_63' title='bbox 912 1414 990 1469; x_wconf 88' lang='lat' dir='ltr'><strong>inter</strong></span> <span class='ocrx_word' id='word_1_64' title='bbox 1015 1418 1126 1469; x_wconf 86' lang='lat' dir='ltr'><strong>terram</strong></span> <span class='ocrx_word' id='word_1_65' title='bbox 1150 1430 1240 1485; x_wconf 87' lang='lat' dir='ltr'><strong>qnam</strong></span> <span class='ocrx_word' id='word_1_66' title='bbox 1258 1408 1406 1465; x_wconf 82' lang='lat' dir='ltr'><strong>Eadriens</strong></span> 
     </span>
     <span class='ocr_line' id='line_1_9' title="bbox 346 1493 1407 1567; baseline -0.006 -16"><span class='ocrx_word' id='word_1_67' title='bbox 346 1497 440 1551; x_wconf 87' lang='lat' dir='ltr'><strong>Pukel</strong></span> <span class='ocrx_word' id='word_1_68' title='bbox 457 1498 554 1552; x_wconf 78' lang='lat' dir='ltr'><strong>tenerit</strong></span> <span class='ocrx_word' id='word_1_69' title='bbox 577 1503 608 1552; x_wconf 90' lang='lat' dir='ltr'><strong>et</strong></span> <span class='ocrx_word' id='word_1_70' title='bbox 632 1502 741 1552; x_wconf 87' lang='lat' dir='ltr'><strong>terram</strong></span> <span class='ocrx_word' id='word_1_71' title='bbox 761 1515 848 1567; x_wconf 87' lang='lat' dir='ltr'><strong>quam</strong></span> <span class='ocrx_word' id='word_1_72' title='bbox 868 1497 1016 1553; x_wconf 88' lang='lat' dir='ltr'><strong>Johanncs</strong></span> <span class='ocrx_word' id='word_1_73' title='bbox 1035 1497 1131 1553; x_wconf 80' lang='lat' dir='ltr'><strong>Faber</strong></span> <span class='ocrx_word' id='word_1_74' title='bbox 1155 1496 1261 1559; x_wconf 81' lang='lat' dir='ltr'><strong>tenuit,</strong></span> <span class='ocrx_word' id='word_1_75' title='bbox 1281 1501 1314 1550; x_wconf 87' lang='lat' dir='ltr'><strong>ct</strong></span> <span class='ocrx_word' id='word_1_76' title='bbox 1332 1493 1407 1547; x_wconf 88' lang='lat' dir='ltr'><strong>duas</strong></span> 
     </span>
     <span class='ocr_line' id='line_1_10' title="bbox 347 1580 1406 1652; baseline -0.003 -18"><span class='ocrx_word' id='word_1_77' title='bbox 347 1598 429 1635; x_wconf 85' lang='lat' dir='ltr'><strong>acras</strong></span> <span class='ocrx_word' id='word_1_78' title='bbox 447 1587 534 1635; x_wconf 73' lang='lat' dir='ltr'><strong>terrea</strong></span> <span class='ocrx_word' id='word_1_79' title='bbox 554 1599 620 1651; x_wconf 71' lang='lat' dir='ltr'><strong>quas</strong></span> <span class='ocrx_word' id='word_1_80' title='bbox 640 1581 740 1651; x_wconf 85' lang='lat' dir='ltr'><strong>jacent</strong></span> <span class='ocrx_word' id='word_1_81' title='bbox 753 1581 839 1651; x_wconf 83' lang='lat' dir='ltr'><strong>juxta</strong></span> <span class='ocrx_word' id='word_1_82' title='bbox 862 1580 982 1652; x_wconf 88' lang='lat' dir='ltr'><strong>longam</strong></span> <span class='ocrx_word' id='word_1_83' title='bbox 1006 1581 1154 1636; x_wconf 79' lang='lat' dir='ltr'><strong>ferei-dam</strong></span> <span class='ocrx_word' id='word_1_84' title='bbox 1178 1580 1319 1636; x_wconf 84' lang='lat' dir='ltr'><strong>similiter</strong></span> <span class='ocrx_word' id='word_1_85' title='bbox 1336 1594 1406 1633; x_wconf 90' lang='lat' dir='ltr'><strong>cum</strong></span> 
     </span>
     <span class='ocr_line' id='line_1_11' title="bbox 348 1663 1406 1736; baseline -0.001 -20"><span class='ocrx_word' id='word_1_86' title='bbox 348 1663 437 1734; x_wconf 87' lang='lat' dir='ltr'><strong>longa</strong></span> <span class='ocrx_word' id='word_1_87' title='bbox 465 1663 597 1731; x_wconf 78' lang='lat' dir='ltr'><strong>lorerda3</strong></span> <span class='ocrx_word' id='word_1_88' title='bbox 625 1671 656 1719; x_wconf 91' lang='lat' dir='ltr'><strong>et</strong></span> <span class='ocrx_word' id='word_1_89' title='bbox 680 1672 830 1735; x_wconf 77' lang='lat' dir='ltr'><strong>pasturam</strong></span> <span class='ocrx_word' id='word_1_90' title='bbox 857 1665 898 1735; x_wconf 85' lang='lat' dir='ltr'><strong>vj.</strong></span> <span class='ocrx_word' id='word_1_91' title='bbox 918 1664 1007 1720; x_wconf 89' lang='lat' dir='ltr'><strong>boum</strong></span> <span class='ocrx_word' id='word_1_92' title='bbox 1025 1671 1056 1719; x_wconf 89' lang='lat' dir='ltr'><strong>ct</strong></span> <span class='ocrx_word' id='word_1_93' title='bbox 1073 1665 1128 1736; x_wconf 88' lang='lat' dir='ltr'><strong>iiij.</strong></span> <span class='ocrx_word' id='word_1_94' title='bbox 1148 1680 1306 1720; x_wconf 73' lang='lat' dir='ltr'>vaccarum</span> <span class='ocrx_word' id='word_1_95' title='bbox 1337 1678 1406 1717; x_wconf 87' lang='lat' dir='ltr'><strong>cum</strong></span> 
     </span>
     <span class='ocr_line' id='line_1_12' title="bbox 346 1746 1407 1819; baseline -0.002 -18"><span class='ocrx_word' id='word_1_96' title='bbox 346 1747 438 1802; x_wconf 90' lang='lat' dir='ltr'><strong>bobus</strong></span> <span class='ocrx_word' id='word_1_97' title='bbox 457 1750 530 1803; x_wconf 87' lang='lat' dir='ltr'><strong>meis</strong></span> <span class='ocrx_word' id='word_1_98' title='bbox 549 1749 704 1805; x_wconf 78' lang='lat' dir='ltr'><strong>dominicis</strong></span> <span class='ocrx_word' id='word_1_99' title='bbox 729 1749 760 1802; x_wconf 92' lang='lat' dir='ltr'><strong>in</strong></span> <span class='ocrx_word' id='word_1_100' title='bbox 784 1755 905 1819; x_wconf 81' lang='lat' dir='ltr'><strong>pastura</strong></span> <span class='ocrx_word' id='word_1_101' title='bbox 922 1767 988 1804; x_wconf 88' lang='lat' dir='ltr'><strong>mea</strong></span> <span class='ocrx_word' id='word_1_102' title='bbox 1003 1748 1167 1813; x_wconf 81' lang='lat' dir='ltr'><strong>dominica3</strong></span> <span class='ocrx_word' id='word_1_103' title='bbox 1190 1746 1352 1803; x_wconf 85' lang='lat' dir='ltr'><strong>tenendum</strong></span> <span class='ocrx_word' id='word_1_104' title='bbox 1376 1751 1407 1799; x_wconf 90' lang='lat' dir='ltr'><strong>et</strong></span> 
     </span>
     <span class='ocr_line' id='line_1_13' title="bbox 346 1830 1406 1889; baseline -0.003 -4"><span class='ocrx_word' id='word_1_105' title='bbox 346 1832 511 1887; x_wconf 90' lang='lat' dir='ltr'><strong>habendum</strong></span> <span class='ocrx_word' id='word_1_106' title='bbox 529 1833 566 1888; x_wconf 91' lang='lat' dir='ltr'><strong>de</strong></span> <span class='ocrx_word' id='word_1_107' title='bbox 583 1851 631 1888; x_wconf 87' lang='lat' dir='ltr'><strong>mo</strong></span> <span class='ocrx_word' id='word_1_108' title='bbox 650 1839 680 1889; x_wconf 93' lang='lat' dir='ltr'><strong>et</strong></span> <span class='ocrx_word' id='word_1_109' title='bbox 697 1833 862 1888; x_wconf 63' lang='lat' dir='ltr'><strong>haeredibus</strong></span> <span class='ocrx_word' id='word_1_110' title='bbox 880 1834 954 1888; x_wconf 85' lang='lat' dir='ltr'><strong>meis</strong></span> <span class='ocrx_word' id='word_1_111' title='bbox 973 1833 1029 1889; x_wconf 92' lang='lat' dir='ltr'><strong>sibi</strong></span> <span class='ocrx_word' id='word_1_112' title='bbox 1048 1842 1078 1889; x_wconf 88' lang='lat' dir='ltr'><strong>et</strong></span> <span class='ocrx_word' id='word_1_113' title='bbox 1100 1832 1268 1888; x_wconf 72' lang='lat' dir='ltr'><strong>haeredibus</strong></span> <span class='ocrx_word' id='word_1_114' title='bbox 1287 1831 1352 1886; x_wconf 84' lang='lat' dir='ltr'><strong>suis</strong></span> <span class='ocrx_word' id='word_1_115' title='bbox 1370 1830 1406 1883; x_wconf 91' lang='lat' dir='ltr'><strong>li-</strong></span> 
     </span>
     <span class='ocr_line' id='line_1_14' title="bbox 345 1915 1405 1989; baseline -0.003 -20"><span class='ocrx_word' id='word_1_116' title='bbox 345 1915 413 1970; x_wconf 87' lang='lat' dir='ltr'><strong>bera</strong></span> <span class='ocrx_word' id='word_1_117' title='bbox 432 1924 462 1971; x_wconf 89' lang='lat' dir='ltr'><strong>et</strong></span> <span class='ocrx_word' id='word_1_118' title='bbox 480 1917 588 1987; x_wconf 87' lang='lat' dir='ltr'><strong>quiete,</strong></span> <span class='ocrx_word' id='word_1_119' title='bbox 610 1917 725 1988; x_wconf 84' lang='lat' dir='ltr'><strong>integre</strong></span> <span class='ocrx_word' id='word_1_120' title='bbox 748 1924 778 1972; x_wconf 88' lang='lat' dir='ltr'><strong>et</strong></span> <span class='ocrx_word' id='word_1_121' title='bbox 801 1918 969 1982; x_wconf 86' lang='lat' dir='ltr'><strong>honorifice,</strong></span> <span class='ocrx_word' id='word_1_122' title='bbox 989 1918 1131 1989; x_wconf 79' lang='lat' dir='ltr'><strong>inprobis</strong></span> <span class='ocrx_word' id='word_1_123' title='bbox 1157 1924 1187 1972; x_wconf 85' lang='lat' dir='ltr'><strong>ct</strong></span> <span class='ocrx_word' id='word_1_124' title='bbox 1211 1917 1355 1988; x_wconf 75' lang='lat' dir='ltr'><strong>pasturis,</strong></span> <span class='ocrx_word' id='word_1_125' title='bbox 1374 1915 1405 1967; x_wconf 87' lang='lat' dir='ltr'><strong>in</strong></span> 
     </span>
     <span class='ocr_line' id='line_1_15' title="bbox 344 1999 1405 2067; baseline -0.001 -13"><span class='ocrx_word' id='word_1_126' title='bbox 344 2000 402 2054; x_wconf 89' lang='lat' dir='ltr'><strong>viis</strong></span> <span class='ocrx_word' id='word_1_127' title='bbox 430 2006 459 2055; x_wconf 87' lang='lat' dir='ltr'><strong>ot</strong></span> <span class='ocrx_word' id='word_1_128' title='bbox 484 2001 606 2066; x_wconf 86' lang='lat' dir='ltr'><strong>semitis,</strong></span> <span class='ocrx_word' id='word_1_129' title='bbox 633 2006 664 2056; x_wconf 89' lang='lat' dir='ltr'><strong>et</strong></span> <span class='ocrx_word' id='word_1_130' title='bbox 681 2001 712 2055; x_wconf 92' lang='lat' dir='ltr'><strong>in</strong></span> <span class='ocrx_word' id='word_1_131' title='bbox 734 2002 869 2056; x_wconf 90' lang='lat' dir='ltr'><strong>omnibus</strong></span> <span class='ocrx_word' id='word_1_132' title='bbox 893 2001 982 2057; x_wconf 90' lang='lat' dir='ltr'><strong>rebus</strong></span> <span class='ocrx_word' id='word_1_133' title='bbox 1013 2008 1043 2056; x_wconf 87' lang='lat' dir='ltr'><strong>et</strong></span> <span class='ocrx_word' id='word_1_134' title='bbox 1068 2001 1151 2067; x_wconf 89' lang='lat' dir='ltr'><strong>locis,</strong></span> <span class='ocrx_word' id='word_1_135' title='bbox 1172 2018 1240 2056; x_wconf 92' lang='lat' dir='ltr'><strong>cnm</strong></span> <span class='ocrx_word' id='word_1_136' title='bbox 1267 1999 1405 2055; x_wconf 84' lang='lat' dir='ltr'><strong>omnibus</strong></span> 
     </span>
     <span class='ocr_line' id='line_1_16' title="bbox 345 2075 989 2141; baseline 0.006 -4"><span class='ocrx_word' id='word_1_137' title='bbox 345 2083 530 2140; x_wconf 72' lang='lat' dir='ltr'><strong>libertatibus</strong></span> <span class='ocrx_word' id='word_1_138' title='bbox 550 2092 580 2141; x_wconf 84' lang='lat' dir='ltr'><strong>ct</strong></span> <span class='ocrx_word' id='word_1_139' title='bbox 597 2075 706 2140; x_wconf 42' lang='lat' dir='ltr'><strong>liberis*</strong></span> <span class='ocrx_word' id='word_1_140' title='bbox 718 2086 989 2141; x_wconf 78' lang='lat' dir='ltr'><strong>consuctudinibus.</strong></span> 
     </span>
    </p>

    <p class='ocr_par' dir='ltr' id='par_1_4' title="bbox 344 2168 1408 2578">
     <span class='ocr_line' id='line_1_17' title="bbox 381 2168 1406 2225; baseline -0.002 -2"><span class='ocrx_word' id='word_1_141' title='bbox 381 2168 540 2224; x_wconf 85' lang='lat' dir='ltr'><strong>Reddendo</strong></span> <span class='ocrx_word' id='word_1_142' title='bbox 559 2169 625 2224; x_wconf 88' lang='lat' dir='ltr'><strong>inde</strong></span> <span class='ocrx_word' id='word_1_143' title='bbox 644 2171 795 2225; x_wconf 89' lang='lat' dir='ltr'><strong>annuatim</strong></span> <span class='ocrx_word' id='word_1_144' title='bbox 820 2170 894 2224; x_wconf 90' lang='lat' dir='ltr'><strong>mihi</strong></span> <span class='ocrx_word' id='word_1_145' title='bbox 921 2176 951 2225; x_wconf 88' lang='lat' dir='ltr'><strong>et</strong></span> <span class='ocrx_word' id='word_1_146' title='bbox 976 2170 1145 2225; x_wconf 72' lang='lat' dir='ltr'><strong>haeredibus</strong></span> <span class='ocrx_word' id='word_1_147' title='bbox 1167 2169 1243 2225; x_wconf 83' lang='lat' dir='ltr'><strong>mais</strong></span> <span class='ocrx_word' id='word_1_148' title='bbox 1262 2185 1353 2224; x_wconf 86' lang='lat' dir='ltr'><strong>unam</strong></span> <span class='ocrx_word' id='word_1_149' title='bbox 1371 2168 1406 2222; x_wconf 90' lang='lat' dir='ltr'><strong>li·</strong></span> 
     </span>
     <span class='ocr_line' id='line_1_18' title="bbox 344 2252 1406 2324; baseline 0 -18"><span class='ocrx_word' id='word_1_150' title='bbox 344 2252 427 2307; x_wconf 89' lang='lat' dir='ltr'><strong>bram</strong></span> <span class='ocrx_word' id='word_1_151' title='bbox 444 2254 555 2324; x_wconf 82' lang='lat' dir='ltr'><strong>piperis</strong></span> <span class='ocrx_word' id='word_1_152' title='bbox 574 2253 611 2308; x_wconf 89' lang='lat' dir='ltr'><strong>ad</strong></span> <span class='ocrx_word' id='word_1_153' title='bbox 629 2256 738 2308; x_wconf 85' lang='lat' dir='ltr'><strong>festum</strong></span> <span class='ocrx_word' id='word_1_154' title='bbox 757 2253 858 2310; x_wconf 81' lang='lat' dir='ltr'><strong>Sancti</strong></span> <span class='ocrx_word' id='word_1_155' title='bbox 875 2253 1030 2310; x_wconf 81' lang='lat' dir='ltr'><strong>Michaelis</strong></span> <span class='ocrx_word' id='word_1_156' title='bbox 1050 2255 1127 2309; x_wconf 83' lang='lat' dir='ltr'><strong>infra</strong></span> <span class='ocrx_word' id='word_1_157' title='bbox 1156 2253 1303 2309; x_wconf 85' lang='lat' dir='ltr'><strong>nundinas</strong></span> <span class='ocrx_word' id='word_1_158' title='bbox 1323 2252 1406 2307; x_wconf 90' lang='lat' dir='ltr'><strong>Bris-</strong></span> 
     </span>
     <span class='ocr_line' id='line_1_19' title="bbox 344 2335 1406 2408; baseline 0 -18"><span class='ocrx_word' id='word_1_159' title='bbox 344 2337 435 2392; x_wconf 82' lang='lat' dir='ltr'><strong>tellim</strong></span> <span class='ocrx_word' id='word_1_160' title='bbox 452 2356 506 2408; x_wconf 92' lang='lat' dir='ltr'><strong>pro</strong></span> <span class='ocrx_word' id='word_1_161' title='bbox 524 2338 602 2392; x_wconf 90' lang='lat' dir='ltr'><strong>omni</strong></span> <span class='ocrx_word' id='word_1_162' title='bbox 621 2338 742 2394; x_wconf 85' lang='lat' dir='ltr'><strong>servitio</strong></span> <span class='ocrx_word' id='word_1_163' title='bbox 760 2346 790 2393; x_wconf 85' lang='lat' dir='ltr'><strong>ct</strong></span> <span class='ocrx_word' id='word_1_164' title='bbox 807 2338 1018 2394; x_wconf 85' lang='lat' dir='ltr'><strong>consuetudine</strong></span> <span class='ocrx_word' id='word_1_165' title='bbox 1037 2339 1075 2393; x_wconf 88' lang='lat' dir='ltr'><strong>ad</strong></span> <span class='ocrx_word' id='word_1_166' title='bbox 1088 2356 1136 2393; x_wconf 86' lang='lat' dir='ltr'><strong>mc</strong></span> <span class='ocrx_word' id='word_1_167' title='bbox 1147 2337 1197 2394; x_wconf 83' lang='lat' dir='ltr'><strong>vel</strong></span> <span class='ocrx_word' id='word_1_168' title='bbox 1214 2337 1255 2392; x_wconf 87' lang='lat' dir='ltr'><strong>ad</strong></span> <span class='ocrx_word' id='word_1_169' title='bbox 1271 2335 1406 2391; x_wconf 79' lang='lat' dir='ltr'><strong>haeredes</strong></span> 
     </span>
     <span class='ocr_line' id='line_1_20' title="bbox 345 2421 1408 2493; baseline 0.002 -18"><span class='ocrx_word' id='word_1_170' title='bbox 345 2439 425 2476; x_wconf 90' lang='lat' dir='ltr'><strong>meos</strong></span> <span class='ocrx_word' id='word_1_171' title='bbox 443 2423 616 2493; x_wconf 84' lang='lat' dir='ltr'><strong>pertinente,</strong></span> <span class='ocrx_word' id='word_1_172' title='bbox 637 2422 718 2478; x_wconf 84' lang='lat' dir='ltr'><strong>salvo</strong></span> <span class='ocrx_word' id='word_1_173' title='bbox 736 2429 835 2478; x_wconf 86' lang='lat' dir='ltr'><strong>tamen</strong></span> <span class='ocrx_word' id='word_1_174' title='bbox 861 2423 956 2493; x_wconf 87' lang='lat' dir='ltr'><strong>regali</strong></span> <span class='ocrx_word' id='word_1_175' title='bbox 982 2423 1103 2479; x_wconf 86' lang='lat' dir='ltr'><strong>servitio</strong></span> <span class='ocrx_word' id='word_1_176' title='bbox 1127 2428 1273 2493; x_wconf 87' lang='lat' dir='ltr'><strong>qnantum</strong></span> <span class='ocrx_word' id='word_1_177' title='bbox 1290 2421 1408 2477; x_wconf 78' lang='lat' dir='ltr'><strong>scilicet</strong></span> 
     </span>
     <span class='ocr_line' id='line_1_21' title="bbox 345 2506 948 2578; baseline 0.002 -18"><span class='ocrx_word' id='word_1_178' title='bbox 345 2506 383 2560; x_wconf 89' lang='lat' dir='ltr'><strong>ad</strong></span> <span class='ocrx_word' id='word_1_179' title='bbox 401 2524 489 2561; x_wconf 87' lang='lat' dir='ltr'><strong>unam</strong></span> <span class='ocrx_word' id='word_1_180' title='bbox 507 2507 656 2577; x_wconf 75' lang='lat' dir='ltr'><strong>virgatam</strong></span> <span class='ocrx_word' id='word_1_181' title='bbox 673 2512 761 2561; x_wconf 84' lang='lat' dir='ltr'><strong>terrae</strong></span> <span class='ocrx_word' id='word_1_182' title='bbox 779 2507 948 2578; x_wconf 85' lang='lat' dir='ltr'><strong>pertinebit.</strong></span> 
     </span>
    </p>

    <p class='ocr_par' dir='ltr' id='par_1_5' title="bbox 343 2589 1407 2826">
     <span class='ocr_line' id='line_1_22' title="bbox 379 2589 1407 2647; baseline 0 -3"><span class='ocrx_word' id='word_1_183' title='bbox 379 2590 419 2646; x_wconf 79' lang='lat' dir='ltr'><strong>Et</strong></span> <span class='ocrx_word' id='word_1_184' title='bbox 436 2598 470 2646; x_wconf 92' lang='lat' dir='ltr'><strong>ut</strong></span> <span class='ocrx_word' id='word_1_185' title='bbox 487 2591 549 2647; x_wconf 78' lang='lat' dir='ltr'><strong>hac</strong></span> <span class='ocrx_word' id='word_1_186' title='bbox 568 2608 634 2647; x_wconf 90' lang='lat' dir='ltr'><strong>mca</strong></span> <span class='ocrx_word' id='word_1_187' title='bbox 651 2590 769 2646; x_wconf 88' lang='lat' dir='ltr'><strong>donatio</strong></span> <span class='ocrx_word' id='word_1_188' title='bbox 794 2597 826 2646; x_wconf 91' lang='lat' dir='ltr'><strong>et</strong></span> <span class='ocrx_word' id='word_1_189' title='bbox 850 2591 1000 2647; x_wconf 86' lang='lat' dir='ltr'><strong>concessio</strong></span> <span class='ocrx_word' id='word_1_190' title='bbox 1028 2598 1093 2646; x_wconf 86' lang='lat' dir='ltr'><strong>rata</strong></span> <span class='ocrx_word' id='word_1_191' title='bbox 1120 2590 1160 2647; x_wconf 86' lang='lat' dir='ltr'><strong>sit</strong></span> <span class='ocrx_word' id='word_1_192' title='bbox 1186 2598 1216 2645; x_wconf 91' lang='lat' dir='ltr'><strong>ct</strong></span> <span class='ocrx_word' id='word_1_193' title='bbox 1238 2590 1357 2646; x_wconf 89' lang='lat' dir='ltr'><strong>stabilis</strong></span> <span class='ocrx_word' id='word_1_194' title='bbox 1375 2589 1407 2644; x_wconf 90' lang='lat' dir='ltr'><strong>in</strong></span> 
     </span>
     <span class='ocr_line' id='line_1_23' title="bbox 343 2674 1405 2748; baseline -0.002 -18"><span class='ocrx_word' id='word_1_195' title='bbox 343 2682 528 2747; x_wconf 86' lang='lat' dir='ltr'><strong>perpetuum,</strong></span> <span class='ocrx_word' id='word_1_196' title='bbox 548 2676 603 2731; x_wconf 87' lang='lat' dir='ltr'><strong>hae</strong></span> <span class='ocrx_word' id='word_1_197' title='bbox 632 2676 769 2748; x_wconf 78' lang='lat' dir='ltr'><strong>prasenti</strong></span> <span class='ocrx_word' id='word_1_198' title='bbox 798 2681 888 2741; x_wconf 87' lang='lat' dir='ltr'><strong>carta,</strong></span> <span class='ocrx_word' id='word_1_199' title='bbox 916 2674 1026 2747; x_wconf 85' lang='lat' dir='ltr'><strong>sigilli¹</strong></span> <span class='ocrx_word' id='word_1_200' title='bbox 1056 2675 1113 2730; x_wconf 89' lang='lat' dir='ltr'><strong>mei</strong></span> <span class='ocrx_word' id='word_1_201' title='bbox 1140 2674 1335 2746; x_wconf 80' lang='lat' dir='ltr'><strong>impressione</strong></span> <span class='ocrx_word' id='word_1_202' title='bbox 1360 2691 1405 2728; x_wconf 93' lang='lat' dir='ltr'><strong>ro·</strong></span> 
     </span>
     <span class='ocr_line' id='line_1_24' title="bbox 344 2759 912 2826; baseline -0.004 -10"><span class='ocrx_word' id='word_1_203' title='bbox 344 2759 455 2826; x_wconf 86' lang='lat' dir='ltr'><strong>borata,</strong></span> <span class='ocrx_word' id='word_1_204' title='bbox 475 2760 656 2816; x_wconf 84' lang='lat' dir='ltr'><strong>confirmavi.</strong></span> <span class='ocrx_word' id='word_1_205' title='bbox 695 2760 763 2815; x_wconf 87' lang='lat' dir='ltr'><strong>Hiis</strong></span> <span class='ocrx_word' id='word_1_206' title='bbox 776 2759 912 2815; x_wconf 86' lang='lat' dir='ltr'><strong>testibus.</strong></span> 
     </span>
    </p>
   </div>
   <div class='ocr_carea' id='block_1_4' title="bbox 682 2979 1076 3047">
    <p class='ocr_par' dir='ltr' id='par_1_6' title="bbox 682 2979 1076 3047">
     <span class='ocr_line' id='line_1_25' title="bbox 682 2979 1076 3047; baseline 0.003 -1"><span class='ocrx_word' id='word_1_207' title='bbox 682 2979 859 3046; x_wconf 83' lang='lat' dir='ltr'>OOXLIV.</span> <span class='ocrx_word' id='word_1_208' title='bbox 885 2981 1076 3047; x_wconf 77' lang='lat' dir='ltr'><strong>Decedam.</strong></span> 
     </span>
    </p>
   </div>
   <div class='ocr_carea' id='block_1_5' title="bbox 348 3095 1409 4413">
    <p class='ocr_par' dir='ltr' id='par_1_7' title="bbox 348 3095 1408 3830">
     <span class='ocr_line' id='line_1_26' title="bbox 384 3095 1404 3167; baseline -0.002 -16"><span class='ocrx_word' id='word_1_209' title='bbox 384 3095 484 3151; x_wconf 82' lang='lat' dir='ltr'><strong>Sciant</strong></span> <span class='ocrx_word' id='word_1_210' title='bbox 502 3102 660 3167; x_wconf 72' lang='lat' dir='ltr'><strong>praesentes</strong></span> <span class='ocrx_word' id='word_1_211' title='bbox 685 3102 715 3152; x_wconf 87' lang='lat' dir='ltr'><strong>et</strong></span> <span class='ocrx_word' id='word_1_212' title='bbox 740 3096 843 3159; x_wconf 82' lang='lat' dir='ltr'><strong>futuri,</strong></span> <span class='ocrx_word' id='word_1_213' title='bbox 864 3096 943 3166; x_wconf 87' lang='lat' dir='ltr'><strong>quod</strong></span> <span class='ocrx_word' id='word_1_214' title='bbox 962 3113 1017 3166; x_wconf 88' lang='lat' dir='ltr'><strong>ego</strong></span> <span class='ocrx_word' id='word_1_215' title='bbox 1042 3095 1187 3152; x_wconf 88' lang='lat' dir='ltr'><strong>Ricardus</strong></span> <span class='ocrx_word' id='word_1_216' title='bbox 1207 3097 1243 3151; x_wconf 88' lang='lat' dir='ltr'><strong>de</strong></span> <span class='ocrx_word' id='word_1_217' title='bbox 1264 3096 1404 3152; x_wconf 84' lang='lat' dir='ltr'><strong>Clifferde</strong></span> 
     </span>
     <span class='ocr_line' id='line_1_27' title="bbox 348 3179 1408 3236; baseline 0.001 -2"><span class='ocrx_word' id='word_1_218' title='bbox 348 3180 426 3234; x_wconf 87' lang='lat' dir='ltr'><strong>filins</strong></span> <span class='ocrx_word' id='word_1_219' title='bbox 445 3179 569 3234; x_wconf 84' lang='lat' dir='ltr'><strong>Walteri</strong></span> <span class='ocrx_word' id='word_1_220' title='bbox 587 3180 623 3233; x_wconf 88' lang='lat' dir='ltr'><strong>de</strong></span> <span class='ocrx_word' id='word_1_221' title='bbox 643 3179 781 3234; x_wconf 77' lang='lat' dir='ltr'><strong>Clifl&#39;erdc</strong></span> <span class='ocrx_word' id='word_1_222' title='bbox 803 3180 871 3234; x_wconf 88' lang='lat' dir='ltr'><strong>dedi</strong></span> <span class='ocrx_word' id='word_1_223' title='bbox 899 3186 929 3235; x_wconf 88' lang='lat' dir='ltr'><strong>et</strong></span> <span class='ocrx_word' id='word_1_224' title='bbox 954 3181 1085 3235; x_wconf 86' lang='lat' dir='ltr'><strong>concessi</strong></span> <span class='ocrx_word' id='word_1_225' title='bbox 1102 3186 1133 3236; x_wconf 87' lang='lat' dir='ltr'><strong>ct</strong></span> <span class='ocrx_word' id='word_1_226' title='bbox 1150 3181 1206 3235; x_wconf 91' lang='lat' dir='ltr'><strong>hac</strong></span> <span class='ocrx_word' id='word_1_227' title='bbox 1232 3189 1315 3235; x_wconf 77' lang='lat' dir='ltr'><strong>curat</strong></span> <span class='ocrx_word' id='word_1_228' title='bbox 1341 3199 1408 3235; x_wconf 87' lang='lat' dir='ltr'><strong>mea</strong></span> 
     </span>
     <span class='ocr_line' id='line_1_28' title="bbox 349 3262 1407 3335; baseline 0.001 -18"><span class='ocrx_word' id='word_1_229' title='bbox 349 3263 517 3318; x_wconf 83' lang='lat' dir='ltr'><strong>confirmavi</strong></span> <span class='ocrx_word' id='word_1_230' title='bbox 536 3262 663 3318; x_wconf 84' lang='lat' dir='ltr'><strong>Reberto</strong></span> <span class='ocrx_word' id='word_1_231' title='bbox 682 3263 742 3318; x_wconf 86' lang='lat' dir='ltr'><strong>filio</strong></span> <span class='ocrx_word' id='word_1_232' title='bbox 761 3263 877 3319; x_wconf 85' lang='lat' dir='ltr'><strong>Osberti</strong></span> <span class='ocrx_word' id='word_1_233' title='bbox 897 3263 933 3318; x_wconf 92' lang='lat' dir='ltr'><strong>de</strong></span> <span class='ocrx_word' id='word_1_234' title='bbox 952 3263 1127 3327; x_wconf 85' lang='lat' dir='ltr'><strong>Pudeforde,</strong></span> <span class='ocrx_word' id='word_1_235' title='bbox 1146 3282 1201 3334; x_wconf 91' lang='lat' dir='ltr'><strong>pro</strong></span> <span class='ocrx_word' id='word_1_236' title='bbox 1218 3263 1359 3335; x_wconf 86' lang='lat' dir='ltr'><strong>homagio</strong></span> <span class='ocrx_word' id='word_1_237' title='bbox 1377 3272 1407 3318; x_wconf 87' lang='lat' dir='ltr'><strong>et</strong></span> 
     </span>
     <span class='ocr_line' id='line_1_29' title="bbox 349 3346 1405 3418; baseline -0.003 -16"><span class='ocrx_word' id='word_1_238' title='bbox 349 3348 469 3402; x_wconf 82' lang='lat' dir='ltr'><strong>servitio</strong></span> <span class='ocrx_word' id='word_1_239' title='bbox 489 3365 550 3410; x_wconf 88' lang='lat' dir='ltr'><strong>sue,</strong></span> <span class='ocrx_word' id='word_1_240' title='bbox 570 3365 659 3402; x_wconf 87' lang='lat' dir='ltr'><strong>unam</strong></span> <span class='ocrx_word' id='word_1_241' title='bbox 671 3347 818 3416; x_wconf 83' lang='lat' dir='ltr'><strong>virgatam</strong></span> <span class='ocrx_word' id='word_1_242' title='bbox 831 3352 917 3401; x_wconf 82' lang='lat' dir='ltr'><strong>terrae</strong></span> <span class='ocrx_word' id='word_1_243' title='bbox 929 3347 961 3400; x_wconf 92' lang='lat' dir='ltr'><strong>in</strong></span> <span class='ocrx_word' id='word_1_244' title='bbox 973 3347 1046 3402; x_wconf 75' lang='lat' dir='ltr'><strong>villa</strong></span> <span class='ocrx_word' id='word_1_245' title='bbox 1063 3347 1099 3401; x_wconf 89' lang='lat' dir='ltr'><strong>de</strong></span> <span class='ocrx_word' id='word_1_246' title='bbox 1118 3346 1297 3418; x_wconf 83' lang='lat' dir='ltr'><strong>Frcmptonc</strong></span> <span class='ocrx_word' id='word_1_247' title='bbox 1317 3365 1405 3417; x_wconf 73' lang='grc' dir='ltr'>(μιιιιιι</span> 
     </span>
     <span class='ocr_line' id='line_1_30' title="bbox 349 3430 1407 3502; baseline -0.001 -17"><span class='ocrx_word' id='word_1_248' title='bbox 349 3431 492 3485; x_wconf 83' lang='lat' dir='ltr'><strong>Ricardus</strong></span> <span class='ocrx_word' id='word_1_249' title='bbox 511 3430 581 3485; x_wconf 84' lang='lat' dir='ltr'><strong>Albi</strong></span> <span class='ocrx_word' id='word_1_250' title='bbox 602 3430 680 3485; x_wconf 87' lang='lat' dir='ltr'><strong>filius</strong></span> <span class='ocrx_word' id='word_1_251' title='bbox 699 3430 819 3485; x_wconf 84' lang='lat' dir='ltr'><strong>Eilwini</strong></span> <span class='ocrx_word' id='word_1_252' title='bbox 836 3430 907 3485; x_wconf 83' lang='lat' dir='ltr'><strong>Albi</strong></span> <span class='ocrx_word' id='word_1_253' title='bbox 934 3430 1038 3495; x_wconf 85' lang='lat' dir='ltr'><strong>tenuit,</strong></span> <span class='ocrx_word' id='word_1_254' title='bbox 1066 3449 1133 3485; x_wconf 91' lang='lat' dir='ltr'><strong>cum</strong></span> <span class='ocrx_word' id='word_1_255' title='bbox 1160 3431 1297 3485; x_wconf 85' lang='lat' dir='ltr'><strong>omnibus</strong></span> <span class='ocrx_word' id='word_1_256' title='bbox 1317 3432 1407 3502; x_wconf 87' lang='lat' dir='ltr'><strong>pcrti-</strong></span> 
     </span>
     <span class='ocr_line' id='line_1_31' title="bbox 349 3514 1407 3580; baseline 0 -12"><span class='ocrx_word' id='word_1_257' title='bbox 349 3516 456 3570; x_wconf 90' lang='lat' dir='ltr'><strong>nentiis</strong></span> <span class='ocrx_word' id='word_1_258' title='bbox 472 3516 550 3580; x_wconf 87' lang='lat' dir='ltr'><strong>suis;</strong></span> <span class='ocrx_word' id='word_1_259' title='bbox 570 3515 725 3570; x_wconf 83' lang='lat' dir='ltr'><strong>tenendam</strong></span> <span class='ocrx_word' id='word_1_260' title='bbox 744 3514 780 3569; x_wconf 90' lang='lat' dir='ltr'><strong>dc</strong></span> <span class='ocrx_word' id='word_1_261' title='bbox 799 3532 846 3568; x_wconf 87' lang='lat' dir='ltr'><strong>mc</strong></span> <span class='ocrx_word' id='word_1_262' title='bbox 865 3520 894 3569; x_wconf 90' lang='lat' dir='ltr'><strong>et</strong></span> <span class='ocrx_word' id='word_1_263' title='bbox 912 3515 1078 3569; x_wconf 65' lang='lat' dir='ltr'><strong>haeredibus</strong></span> <span class='ocrx_word' id='word_1_264' title='bbox 1096 3515 1170 3570; x_wconf 84' lang='lat' dir='ltr'><strong>mais</strong></span> <span class='ocrx_word' id='word_1_265' title='bbox 1190 3515 1247 3570; x_wconf 86' lang='lat' dir='ltr'><strong>sibi</strong></span> <span class='ocrx_word' id='word_1_266' title='bbox 1267 3522 1298 3570; x_wconf 91' lang='lat' dir='ltr'><strong>et</strong></span> <span class='ocrx_word' id='word_1_267' title='bbox 1315 3516 1407 3569; x_wconf 76' lang='lat' dir='ltr'><strong>hare·</strong></span> 
     </span>
     <span class='ocr_line' id='line_1_32' title="bbox 349 3598 1406 3669; baseline 0.001 -17"><span class='ocrx_word' id='word_1_268' title='bbox 349 3599 435 3653; x_wconf 88' lang='lat' dir='ltr'><strong>dibus</strong></span> <span class='ocrx_word' id='word_1_269' title='bbox 462 3600 523 3654; x_wconf 86' lang='lat' dir='ltr'><strong>auis</strong></span> <span class='ocrx_word' id='word_1_270' title='bbox 547 3598 640 3653; x_wconf 82' lang='lat' dir='ltr'><strong>libere</strong></span> <span class='ocrx_word' id='word_1_271' title='bbox 658 3605 688 3654; x_wconf 89' lang='lat' dir='ltr'><strong>et</strong></span> <span class='ocrx_word' id='word_1_272' title='bbox 707 3598 815 3669; x_wconf 84' lang='lat' dir='ltr'><strong>quiete,</strong></span> <span class='ocrx_word' id='word_1_273' title='bbox 835 3599 950 3669; x_wconf 88' lang='lat' dir='ltr'><strong>integre</strong></span> <span class='ocrx_word' id='word_1_274' title='bbox 978 3605 1008 3653; x_wconf 89' lang='lat' dir='ltr'><strong>ot</strong></span> <span class='ocrx_word' id='word_1_275' title='bbox 1025 3599 1155 3669; x_wconf 86' lang='lat' dir='ltr'><strong>plenarie</strong></span> <span class='ocrx_word' id='word_1_276' title='bbox 1181 3607 1212 3654; x_wconf 90' lang='lat' dir='ltr'><strong>et</strong></span> <span class='ocrx_word' id='word_1_277' title='bbox 1235 3599 1406 3664; x_wconf 81' lang='lat' dir='ltr'><strong>honorifice,</strong></span> 
     </span>
     <span class='ocr_line' id='line_1_33' title="bbox 350 3681 1408 3753; baseline 0.003 -19"><span class='ocrx_word' id='word_1_278' title='bbox 350 3682 380 3735; x_wconf 92' lang='lat' dir='ltr'><strong>in</strong></span> <span class='ocrx_word' id='word_1_279' title='bbox 398 3684 501 3753; x_wconf 86' lang='lat' dir='ltr'><strong>pratis,</strong></span> <span class='ocrx_word' id='word_1_280' title='bbox 522 3682 553 3736; x_wconf 91' lang='lat' dir='ltr'><strong>in</strong></span> <span class='ocrx_word' id='word_1_281' title='bbox 571 3682 699 3752; x_wconf 83' lang='lat' dir='ltr'><strong>pascuis,</strong></span> <span class='ocrx_word' id='word_1_282' title='bbox 728 3683 760 3735; x_wconf 88' lang='lat' dir='ltr'><strong>in</strong></span> <span class='ocrx_word' id='word_1_283' title='bbox 783 3681 849 3747; x_wconf 87' lang='lat' dir='ltr'><strong>viis,</strong></span> <span class='ocrx_word' id='word_1_284' title='bbox 875 3682 907 3736; x_wconf 91' lang='lat' dir='ltr'><strong>in</strong></span> <span class='ocrx_word' id='word_1_285' title='bbox 925 3683 1048 3747; x_wconf 87' lang='lat' dir='ltr'><strong>semitis,</strong></span> <span class='ocrx_word' id='word_1_286' title='bbox 1068 3684 1099 3736; x_wconf 91' lang='lat' dir='ltr'><strong>in</strong></span> <span class='ocrx_word' id='word_1_287' title='bbox 1124 3684 1219 3753; x_wconf 86' lang='lat' dir='ltr'><strong>aquia,</strong></span> <span class='ocrx_word' id='word_1_288' title='bbox 1239 3684 1272 3737; x_wconf 90' lang='lat' dir='ltr'><strong>iu</strong></span> <span class='ocrx_word' id='word_1_289' title='bbox 1297 3683 1408 3738; x_wconf 90' lang='lat' dir='ltr'><strong>molen·</strong></span> 
     </span>
     <span class='ocr_line' id='line_1_34' title="bbox 350 3765 1304 3830; baseline 0.004 -11"><span class='ocrx_word' id='word_1_290' title='bbox 350 3765 436 3830; x_wconf 76' lang='lat' dir='ltr'><strong>dicia,</strong></span> <span class='ocrx_word' id='word_1_291' title='bbox 457 3768 488 3821; x_wconf 92' lang='lat' dir='ltr'><strong>in</strong></span> <span class='ocrx_word' id='word_1_292' title='bbox 506 3766 641 3821; x_wconf 87' lang='lat' dir='ltr'><strong>omnibus</strong></span> <span class='ocrx_word' id='word_1_293' title='bbox 659 3766 845 3822; x_wconf 85' lang='lat' dir='ltr'><strong>libertatibus</strong></span> <span class='ocrx_word' id='word_1_294' title='bbox 864 3774 895 3821; x_wconf 86' lang='lat' dir='ltr'><strong>et</strong></span> <span class='ocrx_word' id='word_1_295' title='bbox 913 3766 1013 3821; x_wconf 85' lang='lat' dir='ltr'><strong>libaria</strong></span> <span class='ocrx_word' id='word_1_296' title='bbox 1032 3767 1304 3823; x_wconf 84' lang='lat' dir='ltr'><strong>consuetudinibus.</strong></span> 
     </span>
    </p>

    <p class='ocr_par' dir='ltr' id='par_1_8' title="bbox 349 3850 1409 4413">
     <span class='ocr_line' id='line_1_35' title="bbox 385 3850 1409 3907; baseline 0.003 -4"><span class='ocrx_word' id='word_1_297' title='bbox 385 3850 545 3905; x_wconf 87' lang='lat' dir='ltr'><strong>Reddendo</strong></span> <span class='ocrx_word' id='word_1_298' title='bbox 563 3850 631 3904; x_wconf 90' lang='lat' dir='ltr'><strong>inde</strong></span> <span class='ocrx_word' id='word_1_299' title='bbox 650 3851 800 3904; x_wconf 85' lang='lat' dir='ltr'><strong>annuatim</strong></span> <span class='ocrx_word' id='word_1_300' title='bbox 828 3850 902 3904; x_wconf 91' lang='lat' dir='ltr'><strong>mihi</strong></span> <span class='ocrx_word' id='word_1_301' title='bbox 926 3851 990 3906; x_wconf 87' lang='lat' dir='ltr'><strong>sive</strong></span> <span class='ocrx_word' id='word_1_302' title='bbox 1014 3851 1181 3907; x_wconf 75' lang='lat' dir='ltr'><strong>haeredibus</strong></span> <span class='ocrx_word' id='word_1_303' title='bbox 1206 3853 1282 3907; x_wconf 84' lang='lat' dir='ltr'><strong>meis</strong></span> <span class='ocrx_word' id='word_1_304' title='bbox 1308 3852 1360 3907; x_wconf 92' lang='lat' dir='ltr'><strong>ille</strong></span> <span class='ocrx_word' id='word_1_305' title='bbox 1379 3860 1409 3906; x_wconf 85' lang='lat' dir='ltr'><strong>et</strong></span> 
     </span>
     <span class='ocr_line' id='line_1_36' title="bbox 350 3933 1408 4005; baseline 0.003 -19"><span class='ocrx_word' id='word_1_306' title='bbox 350 3933 480 3990; x_wconf 69' lang='lat' dir='ltr'><strong>haeredes</strong></span> <span class='ocrx_word' id='word_1_307' title='bbox 508 3935 564 3998; x_wconf 89' lang='lat' dir='ltr'><strong>sui,</strong></span> <span class='ocrx_word' id='word_1_308' title='bbox 590 3952 643 4004; x_wconf 89' lang='lat' dir='ltr'><strong>pro</strong></span> <span class='ocrx_word' id='word_1_309' title='bbox 669 3934 747 3989; x_wconf 89' lang='lat' dir='ltr'><strong>omui</strong></span> <span class='ocrx_word' id='word_1_310' title='bbox 773 3934 893 3989; x_wconf 83' lang='lat' dir='ltr'><strong>servitio</strong></span> <span class='ocrx_word' id='word_1_311' title='bbox 912 3934 990 4005; x_wconf 92' lang='lat' dir='ltr'><strong>quod</strong></span> <span class='ocrx_word' id='word_1_312' title='bbox 1015 3935 1052 3989; x_wconf 86' lang='lat' dir='ltr'><strong>ad</strong></span> <span class='ocrx_word' id='word_1_313' title='bbox 1077 3953 1123 3989; x_wconf 88' lang='lat' dir='ltr'><strong>mc</strong></span> <span class='ocrx_word' id='word_1_314' title='bbox 1148 3936 1196 3990; x_wconf 80' lang='lat' dir='ltr'><strong>vel</strong></span> <span class='ocrx_word' id='word_1_315' title='bbox 1217 3937 1256 3991; x_wconf 88' lang='lat' dir='ltr'><strong>ad</strong></span> <span class='ocrx_word' id='word_1_316' title='bbox 1274 3937 1408 3992; x_wconf 78' lang='lat' dir='ltr'><strong>lnaredcs</strong></span> 
     </span>
     <span class='ocr_line' id='line_1_37' title="bbox 350 4018 1407 4090; baseline 0.004 -20"><span class='ocrx_word' id='word_1_317' title='bbox 350 4035 429 4074; x_wconf 85' lang='lat' dir='ltr'><strong>meos</strong></span> <span class='ocrx_word' id='word_1_318' title='bbox 442 4019 577 4089; x_wconf 87' lang='lat' dir='ltr'><strong>pertinet,</strong></span> <span class='ocrx_word' id='word_1_319' title='bbox 592 4035 680 4072; x_wconf 87' lang='lat' dir='ltr'><strong>uuam</strong></span> <span class='ocrx_word' id='word_1_320' title='bbox 693 4018 799 4073; x_wconf 88' lang='lat' dir='ltr'><strong>libram</strong></span> <span class='ocrx_word' id='word_1_321' title='bbox 817 4018 928 4090; x_wconf 84' lang='lat' dir='ltr'><strong>piperis</strong></span> <span class='ocrx_word' id='word_1_322' title='bbox 947 4019 1111 4075; x_wconf 76' lang='lat' dir='ltr'><strong>adfectum</strong></span> <span class='ocrx_word' id='word_1_323' title='bbox 1131 4019 1232 4075; x_wconf 87' lang='lat' dir='ltr'><strong>Sancti</strong></span> <span class='ocrx_word' id='word_1_324' title='bbox 1250 4020 1407 4076; x_wconf 83' lang='lat' dir='ltr'><strong>Michaelis</strong></span> 
     </span>
     <span class='ocr_line' id='line_1_38' title="bbox 349 4100 1408 4177; baseline 0.008 -24"><span class='ocrx_word' id='word_1_325' title='bbox 349 4100 426 4157; x_wconf 80' lang='lat' dir='ltr'><strong>infra</strong></span> <span class='ocrx_word' id='word_1_326' title='bbox 450 4104 595 4157; x_wconf 83' lang='lat' dir='ltr'><strong>nmrdinas</strong></span> <span class='ocrx_word' id='word_1_327' title='bbox 623 4101 791 4167; x_wconf 77' lang='lat' dir='ltr'><strong>Bristollioe,</strong></span> <span class='ocrx_word' id='word_1_328' title='bbox 820 4103 901 4157; x_wconf 87' lang='lat' dir='ltr'><strong>salvo</strong></span> <span class='ocrx_word' id='word_1_329' title='bbox 928 4108 1027 4158; x_wconf 82' lang='lat' dir='ltr'><strong>tamen</strong></span> <span class='ocrx_word' id='word_1_330' title='bbox 1051 4103 1145 4175; x_wconf 86' lang='lat' dir='ltr'><strong>regali</strong></span> <span class='ocrx_word' id='word_1_331' title='bbox 1170 4105 1302 4160; x_wconf 79' lang='lat' dir='ltr'><strong>servitio.</strong></span> <span class='ocrx_word' id='word_1_332' title='bbox 1342 4107 1408 4177; x_wconf 87' lang='lat' dir='ltr'><strong>Ego</strong></span> 
     </span>
     <span class='ocr_line' id='line_1_39' title="bbox 350 4186 1407 4260; baseline 0.005 -22"><span class='ocrx_word' id='word_1_333' title='bbox 350 4192 448 4240; x_wconf 73' lang='lat' dir='ltr'><strong>cartem</strong></span> <span class='ocrx_word' id='word_1_334' title='bbox 466 4193 496 4243; x_wconf 91' lang='lat' dir='ltr'><strong>ct</strong></span> <span class='ocrx_word' id='word_1_335' title='bbox 513 4186 643 4241; x_wconf 83' lang='lat' dir='ltr'><strong>heoredes</strong></span> <span class='ocrx_word' id='word_1_336' title='bbox 662 4187 720 4240; x_wconf 89' lang='lat' dir='ltr'><strong>mei</strong></span> <span class='ocrx_word' id='word_1_337' title='bbox 738 4187 993 4242; x_wconf 76' lang='lat' dir='ltr'><strong>warantizabimus</strong></span> <span class='ocrx_word' id='word_1_338' title='bbox 1011 4189 1085 4243; x_wconf 88' lang='lat' dir='ltr'><strong>hanc</strong></span> <span class='ocrx_word' id='word_1_339' title='bbox 1104 4194 1216 4244; x_wconf 88' lang='lat' dir='ltr'><strong>terram</strong></span> <span class='ocrx_word' id='word_1_340' title='bbox 1233 4189 1407 4260; x_wconf 68' lang='lat' dir='ltr'><strong>praedictum</strong></span> 
     </span>
     <span class='ocr_line' id='line_1_40' title="bbox 350 4269 1406 4339; baseline 0.004 -16"><span class='ocrx_word' id='word_1_341' title='bbox 350 4272 558 4338; x_wconf 74' lang='lat' dir='ltr'><strong>prenominato</strong></span> <span class='ocrx_word' id='word_1_342' title='bbox 576 4269 693 4339; x_wconf 83' lang='lat' dir='ltr'><strong>Rogare</strong></span> <span class='ocrx_word' id='word_1_343' title='bbox 711 4275 741 4324; x_wconf 83' lang='lat' dir='ltr'><strong>et</strong></span> <span class='ocrx_word' id='word_1_344' title='bbox 759 4270 925 4326; x_wconf 68' lang='lat' dir='ltr'><strong>haeredibus</strong></span> <span class='ocrx_word' id='word_1_345' title='bbox 944 4272 1005 4325; x_wconf 89' lang='lat' dir='ltr'><strong>suis</strong></span> <span class='ocrx_word' id='word_1_346' title='bbox 1024 4272 1061 4326; x_wconf 84' lang='lat' dir='ltr'><strong>de</strong></span> <span class='ocrx_word' id='word_1_347' title='bbox 1079 4272 1268 4328; x_wconf 86' lang='lat' dir='ltr'><strong>comitatibus</strong></span> <span class='ocrx_word' id='word_1_348' title='bbox 1285 4282 1315 4328; x_wconf 88' lang='lat' dir='ltr'><strong>ct</strong></span> <span class='ocrx_word' id='word_1_349' title='bbox 1333 4274 1406 4327; x_wconf 89' lang='lat' dir='ltr'><strong>hun·</strong></span> 
     </span>
     <span class='ocr_line' id='line_1_41' title="bbox 351 4352 1405 4413; baseline 0.008 -8"><span class='ocrx_word' id='word_1_350' title='bbox 351 4352 449 4407; x_wconf 81' lang='lat' dir='ltr'><strong>dredis</strong></span> <span class='ocrx_word' id='word_1_351' title='bbox 474 4362 505 4409; x_wconf 87' lang='lat' dir='ltr'><strong>et</strong></span> <span class='ocrx_word' id='word_1_352' title='bbox 528 4353 635 4410; x_wconf 81' lang='lat' dir='ltr'><strong>wardia</strong></span> <span class='ocrx_word' id='word_1_353' title='bbox 661 4354 738 4409; x_wconf 86' lang='lat' dir='ltr'><strong>sicut</strong></span> <span class='ocrx_word' id='word_1_354' title='bbox 761 4362 894 4410; x_wconf 88' lang='lat' dir='ltr'><strong>nestrum</strong></span> <span class='ocrx_word' id='word_1_355' title='bbox 918 4353 1106 4411; x_wconf 88' lang='lat' dir='ltr'><strong>dominicum.</strong></span> <span class='ocrx_word' id='word_1_356' title='bbox 1145 4356 1204 4410; x_wconf 91' lang='lat' dir='ltr'><strong>Pro</strong></span> <span class='ocrx_word' id='word_1_357' title='bbox 1231 4358 1287 4412; x_wconf 89' lang='lat' dir='ltr'><strong>hac</strong></span> <span class='ocrx_word' id='word_1_358' title='bbox 1306 4368 1405 4413; x_wconf 84' lang='lat' dir='ltr'><strong>autem</strong></span> 
     </span>
    </p>
   </div>
   <div class='ocr_carea' id='block_1_6' title="bbox 386 4628 1362 4700">
    <p class='ocr_par' dir='ltr' id='par_1_9' title="bbox 386 4628 1362 4700">
     <span class='ocr_line' id='line_1_42' title="bbox 386 4628 1362 4700; baseline 0.011 -24"><span class='ocrx_word' id='word_1_359' title='bbox 386 4628 394 4657; x_wconf 91' lang='lat'>¹</span> <span class='ocrx_word' id='word_1_360' title='bbox 412 4637 436 4677; x_wconf 81' lang='lat' dir='ltr'><strong>et</strong></span> <span class='ocrx_word' id='word_1_361' title='bbox 445 4628 468 4679; x_wconf 87' lang='lat' dir='ltr'><strong>is</strong></span> <span class='ocrx_word' id='word_1_362' title='bbox 478 4629 587 4681; x_wconf 72' lang='lat' dir='ltr'><strong>inserted</strong></span> <span class='ocrx_word' id='word_1_363' title='bbox 598 4632 624 4680; x_wconf 91' lang='lat' dir='ltr'><strong>in</strong></span> <span class='ocrx_word' id='word_1_364' title='bbox 636 4632 679 4682; x_wconf 85' lang='lat' dir='ltr'><strong>the</strong></span> <span class='ocrx_word' id='word_1_365' title='bbox 690 4632 747 4683; x_wconf 83' lang='lat' dir='ltr'><strong>MS.</strong></span> <span class='ocrx_word' id='word_1_366' title='bbox 759 4632 843 4684; x_wconf 77' lang='lat' dir='ltr'><strong>before</strong></span> <span class='ocrx_word' id='word_1_367' title='bbox 851 4632 933 4700; x_wconf 74' lang='lat' dir='ltr'><strong>sigilli,</strong></span> <span class='ocrx_word' id='word_1_368' title='bbox 945 4637 991 4687; x_wconf 90' lang='lat' dir='ltr'><strong>bnt</strong></span> <span class='ocrx_word' id='word_1_369' title='bbox 1001 4635 1063 4687; x_wconf 80' lang='lat' dir='ltr'><strong>with</strong></span> <span class='ocrx_word' id='word_1_370' title='bbox 1075 4635 1118 4687; x_wconf 84' lang='lat' dir='ltr'><strong>the</strong></span> <span class='ocrx_word' id='word_1_371' title='bbox 1128 4635 1202 4687; x_wconf 81' lang='lat' dir='ltr'><strong>mark</strong></span> <span class='ocrx_word' id='word_1_372' title='bbox 1213 4636 1245 4687; x_wconf 79' lang='lat' dir='ltr'><strong>of</strong></span> <span class='ocrx_word' id='word_1_373' title='bbox 1252 4650 1362 4688; x_wconf 75' lang='lat' dir='ltr'><strong>emate.</strong></span> 
     </span>
    </p>
   </div>
   <div class='ocr_carea' id='block_1_7' title="bbox 0 0 1590 5610">
    <p class='ocr_par' dir='ltr' id='par_1_10' title="bbox 0 0 1590 5610">
     <span class='ocr_line' id='line_1_43' title="bbox 0 0 1590 5610; baseline 0 0"><span class='ocrx_word' id='word_1_374' title='bbox 0 0 1590 5610; x_wconf 95' lang='lat' dir='ltr'><strong> </strong></span> 
     </span>
    </p>
   </div>
  </div>
 </body>
</html>
