3158 5610
360 779 425 845 366
649 793 898 844 caaruuaamu
921 791 1132 844 nouasram

360 971 421 1024 suis
459 977 560 1026 contra
595 986 695 1024 omnes
732 969 864 1023 homines
895 975 925 1024 et
955 969 1089 1024 immines
1123 987 1176 1040 per
1205 970 1418 1042 praescriptnm

360 1055 523 1110 servitium.
561 1053 619 1108 Pro
637 1054 692 1128 hac
711 1059 808 1108 autem
827 1053 981 1108 donatione
999 1059 1030 1109 et
1047 1054 1234 1110 concessione
1253 1071 1319 1108 mea
1335 1053 1419 1110 dedit

360 1139 432 1193 mihi
450 1138 608 1210 pradictus
628 1138 776 1194 Walterus
795 1143 914 1194 centum
933 1137 1052 1204 solides,
1072 1144 1103 1194 et
1120 1137 1232 1194 haeredi
1244 1155 1310 1194 meo
1323 1156 1418 1223 nuum

359 1241 468 1294 equum
485 1222 622 1278 liardum.

395 1307 437 1364 Ut
454 1307 526 1373 haec,
547 1312 603 1364 eto.

681 1522 866 1590 CCCLXX.
890 1523 940 1590 De
963 1523 1083 1589 codem.

394 1670 496 1728 Sciant
512 1677 673 1744 presentes
690 1676 722 1727 et
739 1672 842 1737 futuri,
863 1671 942 1744 quod
959 1688 1016 1742 ego
1034 1670 1132 1728 Alioia
1149 1670 1256 1727 relicta
1268 1671 1415 1729 Willslmi

257 1765 262 1777 '
357 1756 394 1811 de
413 1755 605 1821 Lettrintone,
625 1757 657 1810 in
674 1756 749 1826 ligia
765 1755 912 1811 viduitate
929 1774 1005 1820 mea,
1025 1756 1135 1811 tradidi
1159 1762 1191 1811 et
1212 1758 1358 1822 concessi,
1384 1765 1416 1813 ct

357 1843 494 1914 praesenti
513 1848 595 1898 carta
606 1860 672 1898 mea
689 1842 859 1898 confirmavi
877 1842 975 1897 abbati
994 1847 1025 1897 et
1037 1842 1194 1897 conventui
1207 1841 1311 1898 Sancti
1331 1844 1414 1899 Petri

357 1926 550 1983 Gloueestriae
568 1932 660 1982 totam
678 1925 813 1983 tertiam¹
832 1932 946 1998 partem
967 1927 1057 1982 totins
1076 1927 1236 1984 tenementi
1256 1928 1338 1999 quod
1356 1929 1414 1984 ihit

356 2011 502 2083 quendam
520 2011 654 2085 praedicti
672 2010 815 2068 Willelmi
833 2011 943 2067 domini
961 2011 1021 2066 mei
1045 2029 1111 2082 quae
1129 2029 1177 2065 me
1195 2013 1316 2068 nomine
1335 2012 1413 2069 dotis

356 2095 516 2152 secundnm
533 2096 632 2168 legem
650 2100 681 2150 et
697 2096 940 2153 consuetudinem
963 2101 1052 2152 terra
1075 2095 1267 2167 contingebat
1290 2098 1324 2153 in
1342 2098 1414 2155 villa

354 2181 392 2237 de
421 2180 614 2246 Lettrintone,
646 2179 729 2236 salva
767 2180 841 2237 mihi
879 2179 1029 2236 mansione
1061 2186 1124 2236 tota
1152 2181 1216 2236 vita
1245 2199 1314 2237 mea
1344 2200 1411 2239 oum

353 2265 532 2336 cartillagio,
552 2264 606 2320 illa
623 2264 738 2320 seilicet
755 2283 844 2336 quam
864 2264 1016 2321 Galfridns
1035 2264 1114 2320 filins
1133 2266 1297 2322 sacerdotis
1316 2268 1413 2324 tenuit

354 2351 385 2405 in
412 2350 514 2406 eadem
540 2349 628 2416 villa3
655 2349 811 2406 tenendam
835 2355 866 2406 et
888 2349 1071 2406 habondam²
1095 2349 1131 2405 de
1155 2367 1203 2404 me
1231 2351 1270 2406 ed
1295 2351 1409 2408 firmam

354 2453 422 2491 cnm
445 2434 579 2491 omnibns
604 2434 789 2506 pertinentiis
814 2451 915 2490 carum
939 2438 1001 2490 tota
1024 2434 1086 2489 vita
1109 2451 1176 2488 mea
1199 2451 1255 2505 pro
1279 2437 1409 2509 quinque

353 2519 456 2576 solidis
474 2519 547 2574 mihi
566 2519 717 2575 annuatim
735 2518 773 2574 ad
791 2519 899 2576 festum
913 2518 1015 2575 Sancti
1027 2518 1182 2574 Michaelis
1194 2519 1408 2592 persolvendis,

353 2611 384 2661 at
395 2623 448 2677 pro
461 2605 590 2677 quinque
609 2602 759 2658 orannoeis
778 2603 928 2668 frumenti,
943 2609 974 2658 et
986 2601 1116 2674 quinque
1127 2605 1282 2659 orannoeis
1296 2605 1407 2671 hordei,

353 2695 384 2746 et
412 2707 470 2744 uno
495 2687 645 2760 quarterio
675 2705 785 2752 avenai,
813 2692 844 2743 et
868 2705 926 2742 nno
952 2705 1096 2742 orannoco
1122 2687 1266 2758 pisarum,
1292 2689 1406 2746 dnobus

351 2773 486 2829 terminis
504 2772 571 2827 anni
590 2771 664 2826 mihi
682 2771 833 2826 annuatim
851 2770 1070 2842 persolvendis3
1090 2770 1233 2827 videlicet
1249 2773 1288 2828 ad
1299 2775 1405 2831 festam

353 2858 452 2915 Sancti
482 2856 637 2913 Michaelis
662 2856 777 2911 duobus
804 2856 956 2911 orannoeis
984 2856 1125 2912 frumenti
1154 2861 1185 2911 et
1212 2858 1347 2921 dimidia,
1379 2866 1406 2914 et

352 2943 465 2998 dnobus
484 2941 635 2997 orannoeis
653 2939 755 2995 hordei
780 2944 811 2995 et
833 2940 965 3005 dimidio,
985 2947 1094 2995 etune
1118 2943 1272 3012 quarterio
1296 2962 1402 3007 avena,

352 3034 382 3083 et
400 3027 436 3081 ad
455 3027 564 3098 paseha
590 3024 713 3081 totidem
741 3024 895 3081 crannokis
922 3024 990 3082 talis
1015 3024 1097 3080 bladi
1116 3031 1147 3081 et
1165 3025 1243 3082 uno³
1261 3030 1403 3084 crannoko

351 3113 491 3186 pisarum,
510 3116 566 3167 etc.

664 3309 871 3377 CCCLXXI.
896 3311 946 3378 Dc
968 3311 1087 3378 eodem

387 3463 490 3519 Sciant
511 3465 671 3534 praesentes
693 3467 724 3516 et
747 3460 849 3523 futuri,
870 3459 947 3530 quod
971 3477 1027 3531 ege
1046 3460 1205 3527 Esuriens,
1227 3461 1284 3517 Dei
1308 3465 1402 3535 gratia

352 3549 441 3604 abbas
472 3554 502 3602 et
528 3551 688 3601 conventus
719 3544 820 3599 Sancti
851 3543 934 3599 Petri
964 3543 1169 3610 Gloucestriae,
1202 3550 1400 3603 concessimus

351 3634 478 3689 Ranulse
503 3632 564 3686 filio
589 3629 747 3685 Hereberti
771 3634 802 3684 ct
824 3628 930 3682 Alioiae
957 3628 1025 3682 filie
1049 3629 1211 3701 Wymundi
1233 3634 1318 3686 uxori
1343 3651 1400 3689 suta

351 3737 439 3773 unam
463 3718 610 3787 virgatam
637 3721 723 3768 terrm
750 3730 817 3767 oum
843 3713 1028 3783 pertinentiis
1053 3713 1083 3767 in
1108 3714 1302 3781 Lettrintone,
1323 3718 1400 3772 illam

350 3803 464 3857 scilieet
482 3817 570 3872 quam
587 3798 757 3855 Willelmus
776 3797 855 3851 filius
878 3796 1022 3851 Anketilli
1044 3797 1080 3851 de
1099 3799 1246 3854 Lilletoue
1264 3800 1303 3855 do
1320 3803 1401 3856 nebis

349 3886 505 3958 aliquando
530 3885 640 3948 tenuit;
667 3881 829 3938 habendam
856 3887 887 3937 et
912 3881 1069 3937 tenendam
1095 3881 1131 3938 de
1155 3883 1241 3938 nobis
1261 3887 1400 3956 quamdiu

349 3972 484 4026 vixerint.

384 4053 543 4109 Reddendo
562 4052 629 4106 indo
647 4051 731 4105 nobis
755 4050 904 4105 annuatim
929 4067 1017 4105 amam
1041 4067 1172 4105 marcam
1195 4051 1313 4109 duobus
1334 4057 1399 4110 anni

350 4139 483 4194 terminis
526 4154 579 4208 pro
617 4135 695 4190 omui
733 4134 864 4198 servitio,
903 4133 1043 4188 videlieet
1078 4134 1115 4188 ad
1152 4135 1262 4190 festum
1302 4138 1401 4194 Sancti

348 4224 502 4278 Michaelis
528 4220 678 4274 dimidiam
704 4236 843 4282 maroam,
876 4224 906 4271 et
935 4218 972 4272 ad
1001 4219 1269 4274 Amiunciationem
1302 4223 1401 4279 Beatae

347 4309 449 4362 Marisa
475 4304 627 4359 dimidiam
657 4320 795 4357 marcam.
845 4301 917 4356 Post
947 4302 1058 4356 obitum
1089 4320 1160 4357 vero
1189 4305 1398 4375 praaalictorum

577 4479 581 4483 ,
596 4477 760 4484 ...----......
902 4477 912 4481 -
935 4475 1001 4481 --—--
1046 4476 1322 4485 --—-———.-—.
1344 4481 1366 4486 .-
1379 4480 1394 4487 a

379 4586 384 4612 ¹
404 4583 511 4646 tertianus]
532 4582 644 4630 Inserted
655 4579 681 4628 iu
694 4579 736 4630 the
745 4577 844 4642 margin
927 4580 937 4606 ²
953 4586 975 4626 el
987 4577 1134 4643 hahendam]
1155 4579 1285 4643 Repented
1299 4583 1324 4631 in
1335 4583 1390 4632 MS.

345 4663 371 4709 iu
383 4678 398 4710 a
410 4662 527 4710 different
538 4661 614 4709 hand.
925 4659 934 4685 ³
952 4658 1012 4721 aino]
1033 4674 1119 4718 unum,
1132 4659 1188 4708 MS.
