3158 5610
506 778 532 824 s.
555 777 657 826 sumi
681 777 933 829 unoucusmffl
1180 769 1242 832 341

505 1039 720 1107 CCCXXVI.
743 1041 793 1108 De
815 1040 936 1108 eodem.

227 1193 293 1263 Ego
310 1193 448 1264 Paganus
472 1192 509 1247 de
527 1192 671 1248 Cadurcis
689 1193 824 1259 concedo,
852 1206 883 1249 et
909 1195 1048 1264 praesenti
1075 1204 1156 1250 carta
1181 1211 1246 1249 mea
1259 1204 1348 1255 Orthe

190 1278 340 1342 confirmo,
372 1277 504 1332 ecelesiae
535 1276 636 1332 Sancti
665 1276 748 1332 Petri
778 1277 815 1333 de
842 1276 1028 1333 Gloucestria
1053 1279 1151 1333 omnia
1181 1297 1246 1349 qum
1258 1287 1334 1324 ‘mo

190 1360 339 1417 Patricius
357 1379 430 1417 avus
447 1378 532 1416 mens
550 1368 737 1416 concesserat
753 1369 784 1415 et
804 1360 963 1418 donaverat
988 1371 1054 1417 ante
1076 1380 1123 1416 me
1150 1362 1246 1417 eidem

191 1445 334 1510 eeclesiae,
354 1445 509 1500 eeclesiam
527 1444 642 1500 scilicet
659 1443 696 1499 de
714 1445 965 1516 Kynemeresorde
989 1464 1057 1501 cum
1075 1446 1198 1502 decimis
1216 1456 1247 1503 et

191 1529 327 1584 omnibus
348 1529 386 1583 sd
411 1546 476 1583 eam
502 1528 726 1600 pertinentibus,
746 1536 778 1583 et
794 1538 904 1584 terram
922 1530 1092 1595 sacerdotis,
1112 1542 1143 1585 et
1160 1530 1245 1584 dimi·

190 1612 272 1666 diam
306 1613 416 1683 hydam
451 1613 484 1666 iu
519 1611 649 1683 Omenay
686 1629 774 1682 quam
805 1612 898 1666 Thori
935 1613 1060 1678 tenebat,
1092 1613 1244 1669 dimidiam

191 1714 309 1766 cinoque
326 1695 436 1767 hydam
454 1704 484 1750 et
502 1713 590 1749 unam
609 1696 755 1766 virgatam
783 1696 813 1749 in
840 1695 980 1766 praedicto
999 1698 1128 1752 manerio
1147 1698 1246 1769 Kyne-
1321 1725 1327 1738 ·

192 1780 355 1834 mersionis
373 1797 463 1850 quam
480 1779 638 1850 praedictus
657 1796 729 1833 arus
751 1795 834 1833 meus
852 1779 1000 1836 Patricius
1025 1794 1055 1835 et
1081 1799 1154 1835 uxor
1181 1782 1246 1852 ejus

191 1863 316 1918 Matilda
342 1862 486 1918 dederunt
511 1870 541 1918 et
570 1863 740 1918 obtulerunt
770 1880 858 1933 super
888 1864 980 1918 altare
1010 1864 1037 1918 in
1063 1865 1246 1921 dedit-atione

192 1945 325 2017 ejusdem
350 1946 492 2012 ecclesie,
512 1946 658 2017 quandam
676 1952 819 2016 praeterea
837 1956 946 2002 terram
965 1947 1027 2016 xiij.
1047 1947 1244 2014 denariorum,

192 2049 258 2085 cum
277 2030 391 2086 decima
415 2032 451 2086 de
477 2032 556 2086 omni
581 2030 710 2085 dominio
735 2031 867 2101 ejusdem
886 2031 965 2085 rillae
993 2040 1023 2085 et
1047 2030 1083 2084 de
1111 2033 1246 2086 euntibus

191 2115 320 2180 villanis,
348 2116 472 2170 mollum
502 2115 592 2170 etiam
618 2115 749 2184 Harey,
779 2124 809 2169 et
844 2132 932 2168 unam
965 2132 1132 2167 mansuram
1168 2114 1246 2186 apud

192 2199 310 2268 nigrum
337 2199 489 2263 fossatum,
518 2206 549 2253 et
574 2198 694 2253 domum
711 2197 813 2253 Edrici
840 2198 877 2251 de
895 2197 988 2262 lima,
1016 2206 1046 2253 et
1073 2215 1160 2251 unam
1187 2198 1245 2251 vir·

191 2288 292 2352 getam
316 2300 383 2353 quae
408 2281 478 2337 data
504 2281 562 2337 iuit
588 2280 672 2336 enm¹
690 2281 797 2336 Fulcui
816 2281 853 2335 de
871 2281 981 2336 l'aceio
1007 2282 1124 2352 quando
1151 2283 1246 2337 sactus

192 2374 238 2421 est
254 2367 414 2422 monachus
432 2368 463 2421 in
481 2366 606 2420 ecelesia
624 2364 827 2429 Gloucestn'ae,
850 2365 1048 2419 molendinum
1075 2384 1191 2436 quoque
1210 2365 1246 2419 de

192 2451 324 2507 Horkote
342 2469 409 2507 eum
427 2459 507 2507 terra
525 2459 555 2506 et
579 2450 673 2521 pratis
698 2449 794 2503 eidem
812 2450 1034 2519 pertinentibus,
1055 2462 1084 2504 et
1102 2450 1246 2504 decimam

191 2535 228 2590 de
252 2535 366 2591 duobus
390 2534 566 2590 molendinis
591 2534 628 2587 de
646 2532 807 2594 Welsorde,
826 2541 857 2587 et
883 2544 974 2587 totam
999 2534 1142 2587 decimam
1167 2527 1355 2589 vete-ssssssb·

192 2638 258 2674 rum
275 2626 428 2691 pratorum
445 2624 477 2672 et
492 2634 644 2681 novorum,
664 2626 695 2671 et
712 2615 817 2686 xxiiij.²
835 2616 973 2671 solidatas
993 2628 1142 2687 pratorum
1163 2636 1246 2689 eluas,

191 2722 259 2758 cum
277 2703 411 2758 monachi
429 2701 512 2772 prius
530 2701 704 2755 habuissent
721 2717 756 2753 ex
773 2714 881 2770 empto,
897 2700 1031 2770 praedicti
1049 2712 1247 2757 antecessores

191 2788 250 2841 mei
268 2787 299 2841 in
316 2785 498 2841 dedicatione
516 2784 648 2838 ecclesiae
666 2783 836 2839 obtulerunt
849 2783 912 2837 Deo
924 2801 1012 2854 snper
1030 2783 1140 2850 altare;
1155 2792 1247 2840 totam

191 2872 312 2942 insuper
334 2870 480 2925 decimam
504 2869 542 2923 de
562 2868 675 2932 titulis,
695 2875 726 2922 et
744 2869 839 2937 aguis,
859 2874 890 2921 et
908 2867 1054 2937 porcellis,
1074 2878 1104 2922 et
1122 2868 1198 2933 lana,
1218 2878 1249 2926 et

191 2955 295 3020 caseis,
324 2960 355 3009 et
378 2958 529 3024 pasturam
559 2959 625 3007 octo
655 2952 743 3006 boum
773 2968 840 3005 cum
871 2951 962 3005 bobus
993 2951 1114 3014 domiui,
1140 2960 1170 3007 et
1197 2972 1247 3007 sex

192 3056 295 3093 saccas
320 3037 352 3091 in
376 3044 498 3107 pastura
523 3053 592 3090 cum
618 3037 715 3090 vaccis
740 3035 862 3097 domini,
882 3035 1047 3090 lilmrtatcm
1074 3054 1190 3108 qnoque
1218 3048 1249 3092 et

191 3121 393 3193 quietudinem
418 3121 455 3175 ab
482 3120 617 3174 omnibus
645 3120 774 3174 servitiis
793 3126 824 3174 et
842 3120 1112 3185 consuetudinibus,
1133 3131 1163 3176 et
1182 3140 1247 3192 pas-

191 3207 289 3277 nagio,
317 3214 347 3261 et
374 3205 453 3260 omni
482 3204 618 3260 theloneo
645 3212 706 3258 tam
732 3205 865 3258 cervisiae
892 3223 979 3275 quam
1007 3207 1098 3260 totius
1125 3207 1245 3261 mercati

191 3294 269 3347 sicut
286 3308 385 3344 meum
403 3289 583 3353 dominium
603 3288 677 3342 duas
689 3289 809 3358 insuper
821 3288 913 3357 hydas
927 3289 1005 3359 apud
1018 3288 1158 3359 (homey,
1173 3309 1247 3361 qum

191 3374 326 3431 monachi
352 3381 453 3428 tenent
477 3373 514 3426 de
541 3389 606 3425 meo
633 3372 727 3435 feodo,
747 3371 855 3425 liberas
875 3380 904 3426 et
923 3373 1037 3442 quietas
1056 3373 1094 3425 ab
1112 3373 1247 3426 omnibus

191 3460 322 3515 servitiis
340 3470 370 3512 et
388 3456 659 3519 consuetudinibus,
679 3468 799 3525 excepto
823 3453 911 3525 geldo
930 3456 1019 3524 regis.
1058 3455 1131 3508 Hree
1150 3458 1248 3509 omnia

190 3551 271 3600 carta
289 3550 320 3598 et
344 3542 446 3613 sigillo
472 3558 539 3595 meo
555 3540 657 3595 rolens
684 3557 719 3593 ea
743 3549 917 3609 perpetuam
944 3539 1111 3592 firmitatem
1140 3540 1247 3593 haime

190 3628 340 3682 confirmo.
377 3625 455 3682 Volo
480 3625 573 3696 igitur
598 3636 629 3678 et
658 3623 797 3694 praecipio
827 3634 861 3676 nt
890 3620 988 3675 nullus
1019 3622 1168 3675 hominum
1200 3624 1246 3676 rel

191 3713 393 3767 ministrorum
417 3727 551 3764 meorum
576 3709 706 3778 aliquam
732 3707 870 3775 injuriam
893 3704 939 3758 vel
968 3704 1130 3759 molestiam
1160 3706 1249 3761 faeiat

191 3795 341 3851 monachis
359 3794 507 3866 praedictae
519 3793 662 3855 ecelesiae,
682 3808 776 3860 neque
795 3789 831 3842 de
850 3787 1026 3858 supradictis
1045 3789 1185 3859 quicquid
1203 3790 1247 3846 eis

191 3880 343 3935 subtrahat
361 3877 409 3932 rel
427 3878 566 3941 detineat,
580 3876 633 3930 sed
650 3874 748 3928 omnia
764 3874 793 3926 in
807 3884 978 3943 perpetuum
998 3872 1122 3943 integre,
1143 3874 1244 3942 libere,

191 3978 221 4021 et
239 3965 339 4034 quiete
357 3962 537 4035 possideant.
575 3960 643 4014 Hiis
663 3957 798 4013 testibus.

497 4194 728 4265 CCCXXVII.
751 4195 801 4258 De
824 4192 943 4259 eutem,

226 4337 327 4391 Sciant
346 4348 504 4405 praesentes
523 4346 553 4386 et
579 4331 682 4394 futuri,
710 4329 789 4399 fitted
807 4347 864 4397 etro
882 4329 1027 4384 Patricius
1043 4330 1080 4385 de
1099 4331 1241 4386 Cadmeis
1255 4331 1344 4381 ottae

191 4440 317 4492 premens
338 4421 378 4474 lui
397 4427 428 4472 et
446 4417 507 4471 ridi
525 4430 554 4470 et
572 4415 673 4469 auditi
698 4414 771 4468 hanc
798 4414 1016 4468 couventionem
1043 4416 1147 4470 laetam
1168 4418 1243 4470 iuter
1253 4411 1329 4448 m·

225 4574 341 4639 ¹m]?
375 4588 422 4638 pm
448 4584 534 4621 amn
562 4569 591 4618 iu
618 4567 692 4617 other
775 4566 881 4632 miili]
892 4567 1245 4634 xiiiiiuprecedingeltmtr.
