3158 5610
349 827 413 889 296
639 837 885 888 eneremmmr
909 838 1117 889 nonmrmm

349 1013 386 1068 od
403 1011 477 1067 duos
495 1012 562 1066 omri
580 1012 730 1076 terminos,
750 1012 889 1068 videlicet
906 1013 1093 1069 medietatem
1117 1012 1155 1067 od
1172 1014 1284 1069 festum
1303 1010 1408 1067 Sancti

348 1096 513 1159 Michee1i5‚
545 1103 576 1150 et
604 1096 692 1151 ulium
717 1097 903 1152 medietatem
935 1097 974 1152 ed
1002 1097 1267 1153 Annuneiotiouem
1303 1097 1409 1151 Beate

350 1180 463 1235 Maria).
500 1179 584 1235 Idem
602 1198 672 1235 vcro
686 1180 896 1251 juramentum,
916 1188 972 1237 etc.
1017 1181 1101 1250 Quod
1121 1181 1147 1236 si
1173 1182 1238 1253 ipse
1257 1178 1410 1237 Ricardus

350 1264 399 1319 rel
429 1264 559 1319 heoredes
589 1264 635 1319 sni
665 1264 813 1320 redditum
848 1270 980 1320 nostrum
1017 1264 1152 1321 temninis
1181 1264 1409 1337 prenominatis

351 1350 481 1421 plenerio
510 1367 568 1404 non
604 1349 754 1414 solverint,
786 1349 887 1404 licebit
920 1349 1004 1404 nobis
1040 1349 1138 1420 ipsum
1173 1348 1340 1404 Ricardum
1378 1354 1410 1401 et

350 1433 482 1489 hmredes
510 1452 578 1489 suos
608 1450 661 1505 per
686 1433 798 1488 dictum
823 1439 1022 1487 tenementum
1050 1440 1080 1488 et
1103 1432 1202 1487 omniu
1225 1432 1354 1486 mobilia
1378 1438 1410 1485 ot

350 1518 512 1573 immobilia
539 1536 628 1590 snper
654 1517 732 1572 idem
753 1523 952 1572 tenementum
970 1517 1087 1571 invente
1109 1513 1341 1587 [distringere];
1365 1517 1409 1570 ite

351 1603 429 1672 quod
448 1603 525 1657 idom
544 1603 688 1657 Ricordus
707 1603 755 1656 vel
773 1601 904 1656 heoredes
923 1601 979 1665 sui,
999 1606 1118 1672 propter
1141 1600 1317 1672 predictam
1347 1600 1408 1654 dis·

350 1686 526 1749 trictionem,
546 1705 604 1740 non
627 1687 742 1757 possint
759 1703 812 1740 nos
832 1686 861 1739 in
880 1686 962 1739 curio
980 1684 1090 1739 domini
1109 1685 1190 1753 regis
1209 1702 1265 1755 por
1283 1684 1408 1753 aliquod

350 1770 439 1824 breve
458 1769 639 1841 implacitare
658 1770 706 1824 vel
719 1786 853 1837 grnvuro.
891 1769 1022 1824 Eundem
1041 1770 1231 1825 securiter-tem
1254 1775 1286 1822 et
1303 1768 1407 1822 homo·

350 1855 434 1923 glum
453 1860 483 1908 et
496 1855 698 1923 juramentum
717 1853 867 1910 fidelitatis
886 1852 969 1908 nobis
991 1853 1100 1908 sueieut
1116 1852 1252 1908 heredes
1271 1852 1319 1908 sui
1339 1870 1409 1909 eum

351 1937 461 2008 singuli
480 1937 537 1992 sibi
556 1937 719 1993 succedent.

387 2022 423 2078 In
442 2021 526 2092 cnjuo
544 2021 597 2083 rei,
618 2027 673 2076 ete.

643 2215 773 2281 UCLII.
805 2216 856 2281 Dc
882 2214 1101 2299 tirannorum.

183 2347 221 2396 <tf
239 2348 341 2399 Freme-
388 2348 577 2421 M[ouricins]
598 2350 676 2405 lilius
689 2348 838 2421 R[oberti]
853 2349 906 2403 filii
919 2346 1115 2419 Hurd[yngi]‚
1136 2348 1274 2403 omnibus
1287 2346 1360 2403 filiis
1378 2352 1408 2402 ct

182 2413 281 2479 bridge.

181 2699 275 2754 fidssb.

186 3596 224 3645 Os
231 3595 312 3646 Field.

351 2436 454 2491 amicis
467 2442 497 2491 et
508 2435 673 2490 hominibus
684 2435 746 2489 suin
758 2442 817 2489 tom
829 2433 1023 2504 presentibus
1037 2449 1124 2503 quem
1137 2432 1258 2496 futuris,
1268 2431 1405 2486 sulutem.

387 2518 493 2575 Sciatis
506 2537 552 2573 me
566 2518 691 2582 dedisse,
705 2517 893 2581 concessisse,
908 2524 938 2572 et
950 2516 1136 2571 confirmasse
1149 2515 1308 2586 Redulpho
1322 2514 1408 2570 Cote-

350 2602 423 2657 rello
442 2603 478 2657 dc
497 2602 654 2673 Cardigom
674 2602 705 2655 in
723 2601 807 2655 feodo
835 2607 865 2655 et
894 2600 1074 2663 immeditate,
1095 2599 1151 2653 eibi
1178 2605 1209 2654 et
1236 2598 1407 2653 hiere-dibus

350 2687 411 2741 suis
424 2694 490 2757 post
507 2705 584 2752 cum,
599 2686 752 2740 tenendum
772 2686 808 2738 de
826 2702 873 2738 me
885 2691 915 2739 et
927 2685 963 2738 de
975 2684 1139 2739 haeredibus
1152 2684 1237 2745 meis,
1258 2684 1407 2754 (luendum

349 2774 475 2827 terram·
492 2771 578 2841 juxte
591 2770 796 2841 Frombrngge
816 2787 903 2838 quum
923 2769 1002 2822 idem
1020 2768 1193 2839 liudulphus
1213 2774 1244 2821 et
1258 2767 1277 2821 J
1279 2768 1406 2822 ordonus

349 2856 427 2910 filins
445 2855 509 2925 ejus
537 2860 671 2909 emerunt
700 2854 735 2908 de
757 2853 953 2907 Erkembelde
977 2852 1182 2923 permenturio.
1220 2852 1262 2906 Et
1280 2870 1335 2923 pro
1353 2852 1406 2907 hue

348 2939 531 2994 concessione
562 2937 640 2992 idem
665 2937 838 3007 Rrululphns
864 2935 946 2991 dedit
978 2936 1051 2989 mihi
1075 2955 1166 2990 nuum
1190 2934 1345 2990 bizantum
1369 2935 1404 2991 do

349 3022 478 3076 introitu.
517 3022 556 3077 Et
574 3022 639 3076 volo
661 3021 738 3091 quod
757 3026 855 3076 tenent
873 3020 995 3075 cundem
1014 3028 1124 3075 terrem
1141 3020 1237 3073 libero
1256 3027 1287 3075 ot
1306 3020 1403 3090 quiete

349 3116 378 3161 et
396 3107 560 3160 honorifice.

384 3189 541 3243 Reddendo
566 3189 633 3243 inde
659 3190 785 3259 singulis·
810 3190 892 3244 annis
911 3190 942 3243 ii.
964 3187 1093 3253 solidos;
1123 3196 1152 3242 et
1185 3188 1213 3241 in
1243 3189 1401 3244 remotione

349 3275 530 3330 dominorum
549 3291 638 3328 unum
658 3272 814 3345 byzantum
833 3274 868 3327 do
888 3273 1017 3328 introitu.
1055 3273 1151 3336 Teste,
1173 3282 1228 3326 ete.

688 3445 838 3511 CCLIII.
866 3446 914 3511 De
936 3444 1048 3511 l'elde.

385 3582 485 3637 Sciunt
503 3587 660 3652 prrosentes
686 3590 716 3635 et
744 3582 845 3646 lirtnri,
867 3581 945 3651 qnod
970 3600 1025 3650 ego
1044 3581 1190 3635 Robertus
1210 3580 1247 3633 de
1265 3582 1295 3634 ln
1314 3581 1400 3635 Felde

348 3672 379 3722 et
397 3667 527 3721 lueredes
546 3655 604 3720 niei
623 3666 818 3720 concessimus
845 3666 943 3720 abbati
969 3672 999 3720 et
1024 3667 1173 3720 monachis
1200 3667 1303 3720 b'uneti
1322 3667 1400 3720 Petri

349 3751 541 3805 Gloucestrim
553 3750 660 3819 viginti
673 3756 703 3803 et
715 3759 840 3820 quatuor
852 3768 934 3803 ocrem
948 3754 1034 3803 terrm
1047 3758 1077 3803 et
1089 3749 1242 3804 dimidium
1252 3748 1272 3815 3²
1291 3764 1400 3821 septem

350 3836 464 3890 scilieet
476 3854 558 3889 uerus
578 3835 608 3888 in
621 3833 793 3887 Brudeerost
801 3834 886 3903 juxto
898 3833 1117 3904 Holtheleynm,
1132 3840 1161 3889 et
1174 3844 1302 3904 qiietnor
1320 3853 1400 3889 uerus

345 3920 431 3989 juxto
451 3936 573 3987 gravem
594 3936 689 3971 meum
709 3919 739 3970 in
758 3918 901 3989 superiori
918 3926 1010 3988 purte,
1025 3930 1055 3972 et
1076 3936 1126 3972 sex
1138 3936 1220 3973 ceron
1234 3919 1264 3972 in
1277 3917 1400 3971 Middel·

349 4002 473 4071 sorlong,
497 4008 527 4055 et
551 4010 662 4071 septem
689 4019 771 4055 uerus
796 4007 826 4056 et
844 4001 996 4055 dimidium
1014 4020 1048 4054 ex
1073 4002 1166 4055 ulter-u
1183 4010 1267 4072 parte
1296 4002 1400 4056 montis

349 4085 426 4156 npnd
446 4087 661 4149 Shottesoverc,
682 4105 735 4156 pro
753 4087 860 4155 viginti
879 4092 1003 4156 quatuor
1021 4086 1097 4139 neris
1118 4094 1148 4139 ct
1160 4085 1283 4139 dimidiu
1300 4105 1401 4156 quase

311 4240 316 4248 Ι
349 4170 497 4240 praedictis
516 4170 620 4224 ubbeto
643 4178 672 4226 et
693 4171 840 4225 monachis
860 4171 1023 4240 recepimus
1046 4169 1076 4223 iu
1088 4169 1268 4224 escambium
1281 4170 1401 4240 praedio·

347 4260 443 4308 torum
463 4272 607 4309 ueremini.
645 4256 710 4325 Ego
731 4273 800 4309 vero
825 4255 970 4309 Robertus
994 4262 1024 4309 et
1044 4253 1175 4307 haeredes
1193 4254 1253 4307 mei
1272 4255 1401 4324 equiem·

348 4338 444 4392 bimus
456 4343 565 4392 terrum
578 4338 659 4392 illam
673 4357 759 4408 quum
770 4339 898 4410 prumtis
911 4338 1009 4393 nbbeti
1022 4348 1051 4393 et
1063 4338 1212 4391 monachis
1226 4337 1400 4392 tradidimus

382 4608 388 4636 ¹
408 4605 509 4668 terrent]
530 4605 656 4666 llepeated
677 4604 703 4651 in
725 4604 790 4663 MS„
804 4606 849 4653 but
933 4606 1046 4668 lupum
1068 4602 1160 4650 scilieet
1181 4618 1256 4650 ueros
1280 4610 1350 4650 terrae
1378 4612 1402 4650 el

349 4686 542 4735 incredundam
554 4685 622 4734 word
639 4685 660 4733 it
673 4683 775 4733 marked
787 4684 848 4734 nith
898 4683 1021 4732 ‹limidinm
1034 4681 1211 4747 isincorreedy
1220 4682 1329 4732 inserted
1338 4685 1402 4732 aller

349 4767 391 4818 the
403 4765 461 4829 sign
472 4764 502 4813 os
508 4777 614 4812 crecere.
898 4762 1022 4812 direntium
1033 4761 1058 4811 in
1070 4761 1113 4812 the
1124 4760 1181 4811 MS.
