3158 5610
196 1026 214 1076 f.
229 1032 283 1081 109.

363 752 428 816 386
651 764 899 817 cinrnmamn
920 766 1130 817 nouasrnau

364 943 464 998 liberis
481 943 650 998 hominibus
675 945 791 999 uostris.
839 944 923 998 Idem
948 962 1019 999 vero
1036 943 1206 999 willelmus
1232 950 1263 998 et
1290 941 1413 998 Matilda

359 1027 558 1097 juramentum
588 1028 670 1083 uobis
700 1029 912 1099 praestitermrt‚
931 1036 987 1085 etc.
1035 1029 1107 1085 Post
1134 1028 1289 1083 decessum
1317 1034 1413 1083 autem

363 1111 507 1166 ‹ln-urum
538 1112 680 1167 Willelmi
709 1120 741 1168 et
769 1112 901 1168 Matildte
936 1112 1076 1185 praedicta
1105 1122 1194 1177 terra,
1232 1131 1302 1167 cnm
1337 1111 1413 1165 omni

365 1196 563 1250 artior-atione
582 1197 775 1268 superposita,
790 1198 827 1251 ad
844 1215 897 1251 nos
915 1197 1046 1267 plenarie
1064 1202 1240 1251 revertetur.
1284 1195 1344 1249 Pro
1360 1194 1413 1248 linc

364 1290 462 1337 nutem
481 1285 665 1339 concessione
683 1292 713 1340 et
730 1284 888 1340 tradit-ioue
904 1292 1006 1340 nostra
1022 1284 1167 1339 dederunt
1179 1283 1263 1338 nobis
1283 1282 1413 1354 predicti

365 1367 530 1423 l't'illclmus
558 1378 589 1424 et
613 1368 738 1423 Matilda
764 1387 825 1440 prta
850 1369 985 1423 manibus
1012 1378 1128 1423 centnm
1161 1367 1272 1423 solidos
1299 1365 1412 1420 sterlin-

364 1468 479 1517 porum.

399 1535 433 1588 In
452 1550 577 1606 quorum
595 1536 727 1591 omnium
744 1535 835 1591 robur
852 1535 1054 1591 testimonium
1073 1551 1204 1606 prteaeua
1221 1532 1366 1605 scriptum
1383 1533 1411 1587 in

361 1616 480 1672 modum
497 1620 685 1689 cyrographi.
703 1628 759 1674 etc.

627 1890 782 1959 CCCCX.
805 1890 854 1955 Dc
877 1888 1144 1977 [autonomy

397 2046 499 2105 Sciant
522 2055 682 2121 praesentes
707 2056 738 2106 et
761 2049 865 2106 futuri.
885 2048 963 2121 quod
990 2064 1046 2121 ego
1070 2049 1209 2113 Thomas,
1228 2044 1286 2102 Dei
1315 2048 1409 2119 gratia

360 2131 450 2187 obbas
476 2142 507 2188 et
535 2140 696 2190 contentus
728 2134 829 2189 Sancti
863 2133 945 2189 Petri
976 2132 1179 2189 Gloucestriae.
1210 2134 1409 2187 concessimus

361 2214 493 2270 Gallrido
511 2216 571 2271 filio
595 2217 715 2273 Roberti
740 2218 777 2272 de
799 2216 992 2272 Linkeholthe
1015 2216 1166 2271 dimidiam
1190 2215 1301 2287 hydam
1326 2224 1410 2271 terra*

361 2300 390 2353 in
418 2300 629 2367 Lirrkeholthe3
657 2300 812 2357 tenendam
840 2300 877 2354 de
904 2300 987 2355 uobis
1015 2298 1045 2353 in
1070 2299 1155 2354 feodo
1179 2308 1210 2354 et
1227 2299 1409 2355 haereditate.

358 2383 451 2437 libere
463 2392 494 2439 et
511 2386 619 2455 quiete,
641 2403 696 2457 pro
714 2394 779 2440 octo
798 2384 900 2440 solidis
919 2384 1070 2439 annuatim
1087 2383 1171 2438 uobis
1190 2384 1407 2454 inperpetuum

359 2467 507 2522 solvendis
539 2467 652 2523 duobus
683 2469 828 2531 terminis,
860 2466 1046 2522 medietatem
1076 2466 1113 2520 nd
1143 2466 1407 2520 Annuntiatiouem

358 2550 459 2605 Beatae
470 2550 583 2614 Maria,
598 2558 629 2607 et
645 2552 732 2606 aliam
752 2552 939 2606 medietatem
958 2551 995 2605 ad
1007 2551 1114 2605 festum
1128 2550 1229 2605 Sancti
1242 2549 1406 2604 Michaelis.

356 2633 530 2704 Aquietabit
553 2635 641 2690 etiam
669 2641 761 2690 totam
786 2632 957 2706 preadictum
983 2633 1085 2688 villam
1111 2633 1149 2687 de
1172 2632 1350 2689 Linkeholte
1373 2632 1409 2687 de

356 2718 476 2788 sequela
493 2718 624 2772 omnium
642 2718 834 2773 comitatuum
846 2724 876 2772 et
887 2717 1105 2772 hundredorum
1118 2722 1148 2771 et
1162 2717 1407 2786 justiciariorum,

355 2807 386 2854 et
410 2802 539 2856 omnium
564 2802 689 2855 aliarum
720 2801 907 2873 sequelamm
933 2819 998 2872 quae
1025 2800 1063 2855 ad
1088 2810 1280 2855 memoratam
1306 2799 1405 2853 villam

355 2885 510 2952 pertinent.
564 2884 655 2940 Dabit
691 2885 781 2939 etium
817 2884 913 2940 abbati
945 2884 1087 2939 analium
1124 2885 1202 2939 sicut
1231 2885 1283 2938 alii
1321 2884 1405 2937 liberi

353 2966 487 3022 homines
513 2966 633 3039 [nostri]
662 2970 782 3024 faciunt.
820 2969 905 3023 Idem
929 2986 1000 3023 rero
1025 2967 1178 3023 Gallridua
1205 2969 1406 3039 juramentum

353 3049 437 3104 uobis
464 3053 603 3122 praestitit
628 3052 707 3121 quod
735 3052 829 3106 fidelis
857 3053 916 3106 erit
942 3051 1075 3107 ecclesias
1100 3060 1210 3107 nostre
1231 3051 1269 3106 de
1288 3052 1405 3107 redditu

354 3142 452 3187 nostro
464 3136 593 3205 plenarie
607 3135 756 3199 solvendo,
765 3142 795 3190 et
807 3135 958 3206 praedictis
971 3136 1100 3205 sequelis
1112 3136 1241 3190 fideliter
1253 3136 1405 3191 iaciendis.

353 3228 383 3270 ct
401 3218 479 3287 quod
497 3237 550 3272 uec
568 3227 661 3273 urtetn
681 3238 732 3273 uec
752 3219 903 3289 ingenium
922 3221 1066 3290 exquiret,
1087 3219 1163 3272 uude
1181 3219 1287 3274 domus
1309 3236 1405 3274 nostru

354 3319 404 3369 per
440 3307 573 3355 tenuram
609 3321 693 3357 suam
724 3302 863 3357 damnum
893 3303 1034 3359 incurrat.
1066 3312 1096 3358 et
1127 3303 1205 3374 quod
1235 3304 1404 3374 praedictam

353 3398 461 3439 terrum
480 3404 575 3458 neque
594 3387 709 3441 vendet.
730 3405 825 3457 neque
843 3388 1013 3451 escambiet,
1033 3387 1178 3458 nequead
1198 3388 1290 3443 alium
1309 3388 1404 3443 iocum

353 3470 505 3540 religionis
531 3472 698 3531 transferet,
728 3472 790 3524 sine
817 3490 938 3527 assensu
970 3486 1079 3527 nostro.
1125 3472 1257 3526 Eandem
1290 3491 1404 3544 quinique

353 3555 541 3608 securitatem
569 3556 677 3610 sacient
700 3555 784 3608 uobis
809 3555 940 3610 huredes
965 3557 1031 3626 ejus
1050 3575 1116 3611 cunr
1135 3556 1246 3626 suiguli
1266 3557 1322 3611 sibi
1341 3576 1404 3611 sne·

353 3636 465 3691 cedent.

388 3720 472 3788 Quod
502 3723 572 3792 quia
601 3734 696 3776 ratum
729 3739 794 3776 esse
824 3722 970 3778 rolumus.
999 3724 1138 3794 praesent-i
1170 3726 1282 3796 scriptu
1312 3725 1403 3793 sigilli

353 3806 444 3857 nostri
471 3806 662 3875 impressione
688 3807 800 3860 munito
825 3806 920 3859 diviso
949 3808 1026 3860 inter
1053 3825 1105 3861 nos·
1131 3809 1316 3877 cyrographo
1339 3826 1405 3862 cou-

353 3885 513 3943 firmamus.
552 3890 620 3943 Hiis
638 3889 773 3943 testibus.

685 4118 858 4186 CCCCXI.
883 4118 932 4184 De-
954 4120 1073 4185 eodem.

183 4251 251 4302 Ati).
265 4261 327 4307 1066
384 4255 469 4314 Amio
494 4264 685 4338 subsequenti
711 4270 792 4324 dedit
820 4268 993 4341 Arnulphus
1024 4268 1061 4325 de
1087 4268 1241 4339 Hesdinge
1272 4269 1405 4325 ccclesia*

182 4323 271 4370 -1087,

349 4338 480 4408 ejusdcm
512 4345 611 4404 Sancti
637 4353 718 4408 Petri
750 4355 786 4407 de
817 4354 1002 4410 Gloucestrio
1040 4370 1149 4409 terram
1186 4372 1252 4424 qnae
1283 4370 1405 4409 rot-atur

629 4483 746 4490 —-...—
798 4487 802 4491 .
814 4487 964 4493 -—-.—.
983 4486 1067 4494 ——
1084 4486 1335 4494 —-.—--—--—-.
1349 4488 1388 4494 ...-

380 4542 388 4569 ¹
406 4538 575 4613 Lialeltcltle]
595 4550 739 4620 Originally
752 4557 852 4608 written
864 4557 950 4613 euleu.
962 4560 1008 4609 bnt
1028 4560 1174 4610 atlervards
1191 4561 1279 4609 erased
1297 4558 1402 4609 rithmi

347 4617 390 4668 the
401 4635 489 4685 proper
501 4629 569 4677 word
579 4631 655 4698 being
665 4636 822 4687 substituted.
