3158 5610
354 838 420 902 388
643 848 890 900 caurummrns
913 848 1122 899 uersatum

355 1023 486 1085 chorum,
506 1026 537 1075 et
553 1037 658 1076 vorsus
684 1021 827 1075 orientem
853 1036 949 1090 nsque
972 1019 1012 1075 ad
1029 1020 1165 1075 semitam
1182 1036 1250 1091 quar
1266 1014 1411 1074 vocatus-¹

356 1106 507 1175 Mertwoy,
532 1110 563 1159 et
588 1122 693 1159 vorsus
718 1110 850 1160 austrum
875 1121 970 1175 usqne
995 1103 1033 1159 ad
1059 1095 1173 1159 eollem'
1189 1103 1262 1174 qui²
1285 1106 1411 1181 vocatur

357 1190 556 1253 Cotesburwa,
575 1195 606 1244 et
631 1207 651 1243 a
674 1188 750 1243 colle
773 1188 826 1243 illo
852 1205 957 1243 versus
982 1187 1163 1243 occidentem
1187 1204 1224 1241 ox
1240 1196 1413 1241 transverso

359 1291 452 1345 usque
470 1272 508 1328 ad
525 1273 668 1328 fossatum
687 1272 764 1343 quod
782 1280 828 1326 est
845 1289 864 1326 a
880 1280 964 1343 parte
981 1273 1105 1328 australi
1117 1271 1209 1343 spinas
1221 1288 1289 1341 quta
1300 1268 1413 1324 dicitnr

259 1358 264 1365 '
359 1357 563 1436 Mencdcpom,
601 1363 631 1412 et
660 1374 695 1411 ex
724 1362 892 1412 transverso
922 1362 1009 1411 terras
1038 1374 1111 1411 mcor
1141 1354 1262 1411 arabilis
1298 1354 1412 1408 directa

359 1440 509 1513 usquead
530 1440 610 1495 viam
634 1458 699 1511 quar
718 1440 880 1511 antiquitus
898 1440 1057 1495 vocabatur
1075 1439 1269 1509 Ohirchewey
1286 1455 1307 1492 a
1329 1442 1414 1508 parte

360 1523 493 1587 australi,
512 1524 543 1579 in
560 1530 644 1595 parte
661 1523 820 1595 aquilonali
837 1540 943 1579 versus
960 1524 1063 1579 villam
1080 1524 1118 1578 de
1129 1522 1306 1579 Linkcholte
1318 1538 1414 1591 usquc

360 1608 398 1663 ad
427 1608 572 1663 culturam
607 1625 702 1663 meam
732 1626 798 1679 qnae
827 1607 937 1663 dicitur
965 1608 1165 1679 Modlmlong,
1196 1606 1314 1662 scilicet
1348 1610 1416 1677 post

362 1692 536 1746 messionem
565 1698 652 1747 terrm
682 1690 802 1746 arabilis
837 1690 900 1761 jam
935 1690 1031 1746 diotm.
1079 1690 1218 1746 Concessi
1251 1689 1344 1745 etiam
1379 1696 1415 1743 ut

361 1774 492 1829 homines
519 1775 565 1829 sui
590 1773 627 1829 dc
645 1773 818 1829 Linkoholte
840 1773 967 1830 habeant
984 1775 1110 1830 liberum
1127 1774 1286 1830 transitum
1304 1772 1415 1827 averiis

362 1859 424 1914 suis
442 1858 591 1929 usquead
615 1864 767 1929 pastiuam
790 1876 873 1913 suam
897 1876 950 1929 per
967 1860 1047 1914 viam
1065 1877 1130 1930 quae
1144 1858 1227 1930 jacet
1243 1858 1276 1913 iu
1292 1862 1415 1929 plutum

362 1943 399 1997 do
424 1941 591 1997 Gavcldone
618 1960 683 2012 quae
708 1947 755 1996 cat
776 1941 862 2012 juxta
886 1947 996 1998 terram
1020 1944 1161 1998 arabilem
1187 1942 1415 2013 saepedictorum

363 2027 578 2082 monachorum.
622 2026 770 2082 Proetcrea
794 2028 910 2098 quietos
937 2028 1062 2083 clamavi
1087 2027 1176 2083 dictis
1204 2026 1359 2082 monacbis
1384 2034 1415 2080 ct

363 2129 464 2167 eorum
491 2111 718 2175 successoribus¹
737 2129 791 2182 pro
808 2111 902 2175 salute
929 2113 1034 2167 animae
1052 2129 1125 2166 meae
1143 2122 1174 2167 et
1194 2118 1414 2167 antecessorum

363 2214 505 2261 meorum,
525 2197 654 2267 quinque
673 2194 782 2254 solidos
800 2213 873 2265 quos
891 2195 1039 2251 chricus
1063 2197 1100 2252 do
1118 2196 1305 2251 Burnewalle
1324 2213 1415 2249 avun-

363 2280 448 2335 culus
467 2297 549 2334 mcus
567 2280 610 2333 eis
629 2278 719 2343 dedit,
739 2280 817 2334 sieut
833 2286 914 2336 carta
934 2281 1028 2352 ipsius
1046 2288 1189 2346 testatum
1208 2279 1360 2336 habendos
1378 2279 1416 2333 do

364 2369 460 2419 meet
485 2363 651 2419 lraerodibus
677 2363 751 2418 meis
775 2363 807 2418 iu
824 2381 937 2433 puram,
958 2364 1090 2428 liberam,
1110 2373 1140 2419 ct
1163 2369 1338 2436 perpetuam
1356 2362 1415 2417 ele-

364 2448 515 2502 mosinam.
552 2446 618 2517 Ego
644 2464 715 2502 voro
740 2452 770 2501 ct
793 2446 925 2501 haeredes
950 2448 1008 2503 mei
1035 2447 1205 2518 praedictam
1229 2463 1417 2502 communem

363 2530 450 2586 dieta
467 2537 595 2602 pasturus
613 2536 644 2586 ot
660 2529 816 2601 pradictus
834 2531 964 2601 quinque
975 2531 1084 2586 solidos
1097 2531 1252 2587 antedictis
1264 2530 1416 2585 monacbis

364 2614 627 2681 warantizabimus,
658 2624 689 2670 et
718 2614 754 2669 ab
779 2615 857 2669 omni
884 2614 1018 2670 saeeulari
1046 2616 1167 2671 servitio
1193 2632 1246 2671 seu
1272 2612 1416 2670 demanda

364 2699 587 2770 aquietabimus.

400 2783 439 2838 Et
457 2788 491 2838 ut
507 2784 570 2837 hmo
587 2800 653 2837 mea
671 2783 788 2837 donatio
805 2789 836 2837 et
853 2783 954 2853 quieta
970 2783 1134 2837 clamant-ia.
1154 2788 1210 2838 ete.

626 2998 832 3064 ccccxlv.
864 3000 913 3064 De
936 2999 1154 3066 ballatam?

404 3146 505 3201 Sciant
522 3151 681 3216 pressantes
700 3152 730 3199 ct
749 3146 850 3210 futuri,
865 3146 943 3216 quod
961 3164 1018 3216 ego
1031 3146 1128 3200 Adam
1145 3145 1181 3200 dc
1200 3145 1274 3200 Port
1291 3144 1419 3200 concedo

368 3236 398 3285 et
415 3231 554 3284 confirmo
572 3230 757 3284 donationem
776 3248 864 3298 quam
876 3230 968 3300 Hugo
986 3238 1016 3285 et
1031 3230 1178 3284 liodricus
1196 3229 1233 3283 de
1252 3228 1327 3283 Port
1344 3247 1416 3300 prar-

367 3314 536 3368 dccessorcs
554 3314 613 3367 mci
631 3314 765 3367 focerunt
783 3313 855 3377 Deo,
870 3323 900 3367 et
918 3313 1050 3368 ecclosias
1069 3314 1168 3369 Sancti
1181 3314 1264 3368 Petri
1276 3313 1417 3367 Glouees·

367 3398 441 3461 tritu,
480 3404 511 3452 ct
547 3397 697 3450 monachis
733 3395 842 3450 ibidem
873 3396 936 3451 Deo
966 3398 1171 3461 servientibus,
1199 3397 1236 3450 de
1272 3396 1347 3451 villa
1381 3396 1418 3449 de

368 3482 554 3545 Irutlethono,
583 3481 697 3535 scilicet
725 3480 803 3550 quod
828 3480 906 3534 idem
936 3483 1070 3535 monaehi
1096 3482 1222 3536 habeant
1247 3488 1278 3536 et
1301 3488 1421 3535 auertat

368 3567 539 3637 praedictum
557 3565 659 3619 villam
684 3566 714 3618 in
738 3583 852 3634 purum,
873 3572 903 3618 et
921 3573 1101 3636 perpetuam,
1122 3574 1152 3619 ct
1169 3565 1292 3619 liberam
1312 3566 1419 3618 elemo-

369 3652 472 3713 sinam,
493 3668 559 3705 eum
578 3649 713 3703 omnibus
732 3649 769 3702 ad
787 3666 851 3703 eam
869 3650 1093 3719 pertinentibus,
1107 3649 1236 3719 quietam
1250 3658 1280 3702 et
1292 3650 1419 3703 solutam

369 3736 405 3789 ab
423 3736 501 3788 omni
521 3733 642 3788 servitio
660 3733 738 3803 quod
756 3732 793 3786 ad
810 3750 857 3786 me
876 3733 960 3787 etad
978 3733 1109 3787 hruredes
1128 3750 1207 3786 meos
1225 3733 1364 3802 pertinet.

404 3818 488 3886 Quod
506 3818 575 3888 quia
593 3823 689 3872 ratum
708 3824 738 3870 ot
750 3817 953 3872 inconvulsum
965 3835 1083 3872 manere
1096 3817 1171 3882 volo,
1185 3817 1325 3887 praesenti
1338 3828 1421 3873 carta

368 3918 434 3955 mea
452 3901 599 3956 confirmo.
637 3900 707 3954 Hiis
725 3900 859 3955 testibus.

692 4114 879 4181 CCCOXV.
901 4115 952 4180 De
973 4116 1091 4181 eodem.

202 4260 347 4314 A.D.1154
405 4257 563 4323 chricus,
590 4259 646 4314 Dei
676 4260 773 4330 gratia
802 4277 853 4313 rex
883 4259 1000 4330 Angliae
1028 4266 1059 4314 et
1085 4259 1142 4314 dux
1172 4260 1364 4317 Normamtiur
1391 4278 1423 4319 et

202 4333 292 4379 4189.
369 4359 466 4395 eomes
484 4342 673 4411 andegavia,
693 4343 766 4397 Adra
784 4343 820 4397 de
839 4343 920 4408 Port,
940 4342 1074 4399 salutem.

403 4635 480 4695 'quoe
503 4634 615 4697 vertatur]
646 4634 761 4686 Inserted
777 4636 804 4685 in
821 4636 864 4686 the
949 4636 1030 4701 2ιμιί]
1050 4652 1113 4700 qum,
1126 4637 1182 4688 MS.

367 4712 465 4777 margin
477 4712 504 4761 in
515 4727 531 4762 a
541 4711 658 4763 differem
668 4713 744 4764 band
948 4717 957 4744 ²
974 4713 1128 4782 Lutlettone]
1147 4717 1243 4780 eodem
1255 4718 1313 4770 Msa
