3158 5610
528 793 556 842 s
579 793 678 841 emar
702 791 956 842 omucusrrum
1202 774 1268 843 ast

219 968 304 1021 finem
323 967 528 1038 praedictorum
546 969 766 1039 quatuordecim
785 987 937 1033 annorum,
957 967 1005 1022 rel
1023 967 1054 1021 in
1072 968 1128 1020 fine
1146 965 1268 1038 praedic-

218 1060 315 1106 torum
345 1070 396 1106 sex
425 1070 567 1107 annorum
597 1054 792 1123 sequentium,
823 1053 902 1108 idem
932 1053 1021 1107 abbas
1051 1062 1082 1105 et
1108 1060 1267 1106 conventus

218 1135 365 1191 habebunt
376 1137 540 1208 proximum
558 1156 699 1209 croppum
718 1146 897 1210 sequentem.
926 1137 1074 1192 Praeterea
1090 1154 1146 1207 ego
1158 1135 1267 1190 tradidi
1280 1139 1298 1189 t
1310 1144 1351 1192 ⁹6.

217 1219 329 1274 eisdem
346 1220 443 1274 abbati
469 1228 499 1276 et
523 1223 676 1277 conventui
695 1222 732 1276 ad
757 1224 871 1278 firmam
898 1240 985 1276 unam
1009 1222 1156 1292 virgatam
1181 1232 1267 1274 tcrrae

218 1320 286 1357 cum
303 1304 436 1359 omnibus
454 1307 639 1376 pertinentiis
665 1307 727 1362 suis
754 1307 785 1361 in
802 1307 984 1362 Lettrintone
1011 1323 1098 1376 quam
1124 1304 1212 1358 habui
1230 1303 1269 1358 ad

219 1389 331 1442 firmam
348 1388 386 1443 de
412 1389 561 1444 Alacredo
579 1391 708 1456 Barath3
733 1391 897 1445 habendam
924 1398 955 1444 et
978 1388 1134 1444 tenendam
1161 1387 1204 1442 eis
1230 1387 1267 1441 cle

217 1489 265 1525 me
282 1486 313 1528 et
329 1472 495 1527 haercdibus
513 1475 624 1529 meisa
641 1475 689 1529 die
713 1475 749 1529 dc
774 1476 898 1530 hokedai
917 1493 992 1529 anno
1010 1475 1047 1528 ab
1065 1473 1268 1527 Ineamstione

219 1556 337 1611 Domini
354 1557 512 1612 millesimo
538 1559 738 1615 ducentesimo
766 1562 890 1631 septimo
917 1559 1030 1614 decimo
1055 1559 1087 1613 in
1111 1557 1269 1612 tresdecim

218 1659 316 1696 anuos.

254 1725 412 1780 Reddendo
430 1744 484 1798 per
501 1745 609 1782 annum
627 1727 782 1784 duodecim
800 1729 945 1794 denarios,
965 1746 1053 1800 quam
1079 1727 1136 1798 ipsi
1155 1727 1268 1781 firmam
1319 1710 1326 1725 ⁸

216 1810 290 1864 mihi
320 1819 499 1882 pacavemnt
517 1831 588 1883 ,pras
618 1814 752 1869 manibus
782 1815 818 1868 de
843 1821 904 1869 toto
934 1815 1068 1875 termino,
1094 1826 1124 1866 et
1153 1829 1209 1882 ego
1238 1818 1270 1865 et

217 1894 348 1950 haeredes
367 1896 424 1950 mei
452 1898 706 1953 warantizabimus
733 1899 882 1969 praedictis
900 1898 997 1952 abbati
1017 1904 1048 1951 ct
1064 1896 1220 1951 conventui
1238 1910 1269 1950 et

217 1997 318 2034 eorum
336 1983 564 2046 successoribus,
583 1994 684 2037 contra
701 2001 801 2038 omnes
820 1983 950 2037 homines
969 1989 999 2036 et
1016 1980 1160 2043 soeminas,
1174 1998 1267 2050 usque

217 2064 254 2118 ad
272 2064 427 2136 praedictos
439 2067 591 2132 terminos,
604 2075 696 2122 totam
708 2069 859 2139 praefatam
871 2076 980 2122 terram
993 2084 1060 2120 cum
1072 2064 1266 2135 pertinentiis,

216 2149 330 2204 scilieet
359 2160 420 2205 tam
455 2151 538 2206 iliam
575 2170 663 2223 quam
701 2153 791 2207 habui
828 2151 866 2206 ad
896 2152 1009 2205 firmam
1047 2148 1083 2203 de
1120 2147 1268 2203 Aluercdo

216 2232 337 2288 Barath.

252 2318 292 2372 Et
315 2324 350 2373 ut
372 2318 436 2374 haec
460 2321 614 2375 conventio
643 2332 708 2375 rata
736 2334 906 2393 permaneat
935 2334 966 2374 et
996 2319 1177 2383 inconcussa,
1203 2334 1266 2371 eam

216 2402 310 2472 sigilli
327 2403 386 2458 mei
404 2406 584 2476 appositione
602 2405 746 2461 roboravi.
783 2406 852 2461 Hiis
871 2406 1005 2462 testibus.

552 2627 707 2694 CCCLV.
730 2628 781 2693 De
803 2627 924 2693 eodem.

252 2767 364 2826 Notum
382 2771 423 2828 sit
440 2772 573 2826 omnibus
586 2782 646 2827 tam
665 2772 858 2843 praesentibus
877 2788 964 2843 quam
984 2768 1101 2833 suturis,
1117 2768 1194 2840 quod
1212 2787 1268 2840 ego
1280 2766 1349 2819 Δ.Ι).
1364 2774 1428 2818 1205

217 2854 359 2911 Ylbertus
377 2856 413 2911 de
432 2856 581 2910 Greinrile
600 2863 631 2911 et
654 2855 785 2911 haeredes
804 2856 861 2910 mci
880 2868 1013 2910 tenemur
1030 2855 1220 2909 warantizare
1238 2841 1373 2908 ΨΜ·

217 2937 380 2994 deliberare
393 2937 560 3010 H[cnric0]‚
575 2940 632 2994 Dei
651 2941 749 3011 gratia
760 2940 857 2994 abbati
871 2939 1073 3002 Gloucestriae‚
1087 2950 1118 2992 ct
1135 2937 1267 3008 ejusdem
1281 2917 1372 2968 ΟΜΝ

218 3021 273 3077 1οοί
308 3024 472 3087 conventui,
504 3041 592 3078 unam
627 3025 774 3097 virgatam
804 3036 891 3079 terrm
921 3042 989 3079 cum
1022 3023 1207 3094 pertinentiis
1237 3023 1268 3077 in
1280 2999 1358 3035 'me‘

218 3106 409 3171 Lettrintone,
430 3107 543 3163 scilicet
569 3108 650 3162 illam
670 3128 758 3179 quam
776 3109 921 3163 Radulsus
942 3109 979 3162 dc
998 3108 1135 3178 Hungric
1162 3108 1266 3162 tenuit.

218 3192 267 3247 Ita
295 3193 374 3263 quod
403 3193 460 3263 ipsi
490 3192 580 3247 abbas
610 3200 641 3248 et
670 3206 830 3248 conventus
860 3194 943 3247 illam
973 3193 1123 3247 habebunt
1152 3192 1269 3247 omnino

218 3278 349 3347 quietam
367 3278 398 3330 in
416 3276 561 3330 dominico
587 3296 605 3330 a
630 3277 678 3331 die
703 3278 739 3332 de
758 3278 890 3348 hoketlay
908 3296 983 3332 anno
1009 3278 1046 3332 ab
1065 3277 1268 3331 Incarmttione

219 3361 336 3415 Domini
364 3359 521 3415 millesimo
547 3360 747 3416 ducentesimo
777 3363 901 3432 septimo
928 3360 1042 3415 decimo
1072 3361 1102 3413 in
1130 3370 1266 3429 quatuor·

218 3444 313 3499 decim
338 3462 439 3499 annos.
476 3444 558 3497 Etsi
578 3444 747 3499 illamtunc
772 3446 815 3499 cis
840 3446 1029 3499 warantizare
1049 3454 1080 3498 et
1106 3444 1268 3497 deliberare

217 3547 276 3584 non
292 3530 447 3600 possimus,
462 3545 513 3582 nos
532 3527 687 3583 reddemus
706 3530 749 3583 eis
768 3530 919 3599 sexaginta
938 3528 1045 3582 solidos
1059 3527 1268 3597 sterlingorum

217 3613 295 3667 infra
323 3613 452 3684 primum
481 3631 613 3670 mensem
646 3622 712 3685 post
741 3614 997 3668 summonitionem
1033 3613 1070 3666 ab
1106 3613 1149 3665 cis
1185 3611 1268 3665 nobis

218 3698 335 3752 factam.

253 3781 293 3836 Et
319 3782 350 3836 in
375 3782 464 3853 hujus
488 3783 532 3837 rei
559 3781 758 3837 testimonium
784 3799 840 3854 ego
864 3781 1006 3836 Ylbertus
1033 3779 1144 3834 eisdem
1170 3779 1268 3835 abbati

217 3872 249 3922 et
260 3853 414 3923 cinsentui
432 3866 490 3922 feci
507 3867 579 3922 has¹
599 3868 712 3923 litteras
731 3884 811 3922 meas
830 3874 972 3936 patentes.
1010 3865 1079 3920 Hiis
1097 3864 1232 3921 testibus.

557 4089 729 4157 CCCLVI.
751 4091 803 4156 De
817 4091 940 4157 eodem.

252 4234 363 4294 Notum
382 4237 423 4293 sit
439 4237 573 4292 omnibus
599 4237 637 4292 ad
664 4256 737 4309 quos
764 4256 892 4308 praesens
920 4236 1063 4309 scriptum
1088 4237 1263 4309 pervenerit,
1278 4246 1368 4297 otene

215 4322 294 4392 quod
329 4340 385 4393 ego
421 4322 588 4377 Willelmus
618 4323 655 4376 do
679 4323 918 4378 Leechctrintone
949 4323 1026 4377 filius
1056 4322 1197 4377 willelmi
1228 4322 1352 4376 denne.

215 4404 398 4463 [citrintone
415 4406 483 4461 dedi
501 4413 532 4463 ct
548 4407 687 4473 concessi,
707 4420 738 4463 et
754 4408 809 4462 hac
826 4409 964 4481 praesenti
982 4415 1064 4464 carta
1080 4425 1145 4462 mea
1162 4407 1264 4462 confir.

623 4692 707 4760 ¹sn]
725 4693 862 4757 mus.
