<?xml version="1.0" encoding="UTF-8"?>
<!DOCTYPE html PUBLIC "-//W3C//DTD XHTML 1.0 Transitional//EN"
    "http://www.w3.org/TR/xhtml1/DTD/xhtml1-transitional.dtd">
<html xmlns="http://www.w3.org/1999/xhtml" xml:lang="en" lang="en">
 <head>
  <title>
</title>
<meta http-equiv="Content-Type" content="text/html;charset=utf-8" />
  <meta name='ocr-system' content='tesseract 3.04.00' />
  <meta name='ocr-capabilities' content='ocr_page ocr_carea ocr_par ocr_line ocrx_word'/>
</head>
<body>
  <div class='ocr_page' id='page_1' title='image "./historiaetcartu00monagoog_0488.png"; bbox 0 0 3158 5610; ppageno 0'>
   <div class='ocr_carea' id='block_1_1' title="bbox 366 754 1141 830">
    <p class='ocr_par' dir='ltr' id='par_1_1' title="bbox 366 754 1141 830">
     <span class='ocr_line' id='line_1_1' title="bbox 366 754 1141 830; baseline -0.017 -2"><span class='ocrx_word' id='word_1_1' title='bbox 366 754 431 829; x_wconf 74' lang='lat' dir='ltr'>87ss</span> <span class='ocrx_word' id='word_1_2' title='bbox 656 767 906 830; x_wconf 64' lang='lat' dir='ltr'>cuononem</span> <span class='ocrx_word' id='word_1_3' title='bbox 929 766 1141 829; x_wconf 64' lang='lat' dir='ltr'>uoumunou</span> 
     </span>
    </p>
   </div>
   <div class='ocr_carea' id='block_1_2' title="bbox 362 942 1424 1853">
    <p class='ocr_par' dir='ltr' id='par_1_2' title="bbox 362 942 1424 1853">
     <span class='ocr_line' id='line_1_2' title="bbox 367 942 1424 1015; baseline -0.007 -11"><span class='ocrx_word' id='word_1_4' title='bbox 367 950 427 1004; x_wconf 78' lang='lat' dir='ltr'>tate</span> <span class='ocrx_word' id='word_1_5' title='bbox 446 951 477 1002; x_wconf 90' lang='lat' dir='ltr'>et</span> <span class='ocrx_word' id='word_1_6' title='bbox 502 944 577 1015; x_wconf 80' lang='lat' dir='ltr'>ligio</span> <span class='ocrx_word' id='word_1_7' title='bbox 594 944 737 999; x_wconf 74' lang='lat' dir='ltr'>viduitate</span> <span class='ocrx_word' id='word_1_8' title='bbox 761 961 836 1008; x_wconf 79' lang='lat' dir='ltr'>meo,</span> <span class='ocrx_word' id='word_1_9' title='bbox 864 942 967 998; x_wconf 83' lang='lat' dir='ltr'>remisi</span> <span class='ocrx_word' id='word_1_10' title='bbox 993 945 1023 996; x_wconf 91' lang='lat' dir='ltr'>et</span> <span class='ocrx_word' id='word_1_11' title='bbox 1050 943 1183 1013; x_wconf 88' lang='lat' dir='ltr'>quietum</span> <span class='ocrx_word' id='word_1_12' title='bbox 1209 942 1347 1006; x_wconf 73' lang='lat' dir='ltr'>clamavi,</span> <span class='ocrx_word' id='word_1_13' title='bbox 1368 957 1424 1013; x_wconf 85' lang='lat' dir='ltr'>pro</span> 
     </span>
     <span class='ocr_line' id='line_1_3' title="bbox 369 1025 1424 1099; baseline -0.006 -13"><span class='ocrx_word' id='word_1_14' title='bbox 369 1049 416 1086; x_wconf 88' lang='lat' dir='ltr'>mo</span> <span class='ocrx_word' id='word_1_15' title='bbox 448 1035 478 1085; x_wconf 90' lang='lat' dir='ltr'>ct</span> <span class='ocrx_word' id='word_1_16' title='bbox 512 1027 678 1089; x_wconf 81' lang='lat' dir='ltr'>haeredibue</span> <span class='ocrx_word' id='word_1_17' title='bbox 706 1029 794 1099; x_wconf 69' lang='lat' dir='ltr'>meis,</span> <span class='ocrx_word' id='word_1_18' title='bbox 823 1027 922 1082; x_wconf 78' lang='lat' dir='ltr'>abbati</span> <span class='ocrx_word' id='word_1_19' title='bbox 940 1068 942 1076; x_wconf 29' lang='lat'><strong>¹</strong></span> <span class='ocrx_word' id='word_1_20' title='bbox 958 1031 988 1082; x_wconf 85' lang='lat' dir='ltr'>ot</span> <span class='ocrx_word' id='word_1_21' title='bbox 1018 1027 1174 1083; x_wconf 78' lang='lat' dir='ltr'>conventui</span> <span class='ocrx_word' id='word_1_22' title='bbox 1205 1025 1308 1081; x_wconf 79' lang='lat' dir='ltr'><strong>Sancti</strong></span> <span class='ocrx_word' id='word_1_23' title='bbox 1339 1026 1424 1081; x_wconf 86' lang='lat' dir='ltr'>Petri</span> 
     </span>
     <span class='ocr_line' id='line_1_4' title="bbox 369 1109 1424 1182; baseline -0.009 -12"><span class='ocrx_word' id='word_1_24' title='bbox 369 1114 570 1177; x_wconf 84' lang='lat' dir='ltr'>Gloncestriae‚</span> <span class='ocrx_word' id='word_1_25' title='bbox 597 1117 689 1167; x_wconf 89' lang='lat' dir='ltr'>totum</span> <span class='ocrx_word' id='word_1_26' title='bbox 717 1111 767 1181; x_wconf 84' lang='lat' dir='ltr'>jus</span> <span class='ocrx_word' id='word_1_27' title='bbox 798 1117 828 1167; x_wconf 82' lang='lat' dir='ltr'>et</span> <span class='ocrx_word' id='word_1_28' title='bbox 854 1111 992 1166; x_wconf 86' lang='lat' dir='ltr'>elomium</span> <span class='ocrx_word' id='word_1_29' title='bbox 1018 1111 1097 1181; x_wconf 90' lang='lat' dir='ltr'>quod</span> <span class='ocrx_word' id='word_1_30' title='bbox 1126 1109 1216 1164; x_wconf 81' lang='lat' dir='ltr'>hebui</span> <span class='ocrx_word' id='word_1_31' title='bbox 1241 1110 1289 1164; x_wconf 87' lang='lat' dir='ltr'>vel</span> <span class='ocrx_word' id='word_1_32' title='bbox 1321 1110 1424 1182; x_wconf 77' lang='lat' dir='ltr'>aliquo</span> 
     </span>
     <span class='ocr_line' id='line_1_5' title="bbox 365 1194 1423 1266; baseline -0.006 -12"><span class='ocrx_word' id='word_1_33' title='bbox 365 1198 452 1254; x_wconf 91' lang='lat' dir='ltr'>modo</span> <span class='ocrx_word' id='word_1_34' title='bbox 469 1197 577 1252; x_wconf 85' lang='lat' dir='ltr'>hebere</span> <span class='ocrx_word' id='word_1_35' title='bbox 595 1195 677 1266; x_wconf 88' lang='lat' dir='ltr'>potui</span> <span class='ocrx_word' id='word_1_36' title='bbox 695 1195 725 1249; x_wconf 85' lang='lat' dir='ltr'>iu</span> <span class='ocrx_word' id='word_1_37' title='bbox 742 1195 832 1250; x_wconf 81' lang='lat' dir='ltr'>tertie</span> <span class='ocrx_word' id='word_1_38' title='bbox 848 1201 931 1266; x_wconf 80' lang='lat' dir='ltr'>porte</span> <span class='ocrx_word' id='word_1_39' title='bbox 949 1194 1039 1250; x_wconf 73' lang='lat' dir='ltr'>totius</span> <span class='ocrx_word' id='word_1_40' title='bbox 1057 1194 1226 1259; x_wconf 78' lang='lat' dir='ltr'>tenementi,</span> <span class='ocrx_word' id='word_1_41' title='bbox 1247 1195 1312 1249; x_wconf 79' lang='lat' dir='ltr'>eive</span> <span class='ocrx_word' id='word_1_42' title='bbox 1331 1195 1423 1248; x_wconf 84' lang='lat' dir='ltr'>etiem</span> 
     </span>
     <span class='ocr_line' id='line_1_6' title="bbox 365 1278 1424 1350; baseline -0.004 -13"><span class='ocrx_word' id='word_1_43' title='bbox 365 1284 397 1337; x_wconf 91' lang='lat' dir='ltr'>in</span> <span class='ocrx_word' id='word_1_44' title='bbox 414 1286 475 1336; x_wconf 79' lang='lat' dir='ltr'>toto</span> <span class='ocrx_word' id='word_1_45' title='bbox 488 1283 653 1335; x_wconf 83' lang='lat' dir='ltr'>tenemento</span> <span class='ocrx_word' id='word_1_46' title='bbox 665 1296 732 1334; x_wconf 88' lang='lat' dir='ltr'>oum</span> <span class='ocrx_word' id='word_1_47' title='bbox 745 1279 879 1334; x_wconf 72' lang='lat' dir='ltr'>omnibus</span> <span class='ocrx_word' id='word_1_48' title='bbox 892 1279 953 1341; x_wconf 73' lang='lat' dir='ltr'>euin</span> <span class='ocrx_word' id='word_1_49' title='bbox 965 1279 1151 1350; x_wconf 74' lang='lat' dir='ltr'><strong>pertinentiis</strong></span> <span class='ocrx_word' id='word_1_50' title='bbox 1165 1278 1243 1348; x_wconf 90' lang='lat' dir='ltr'>qood</span> <span class='ocrx_word' id='word_1_51' title='bbox 1261 1279 1424 1349; x_wconf 70' lang='lat' dir='ltr'>aliqnando</span> 
     </span>
     <span class='ocr_line' id='line_1_7' title="bbox 365 1362 1423 1434; baseline -0.003 -14"><span class='ocrx_word' id='word_1_52' title='bbox 365 1365 422 1421; x_wconf 87' lang='lat' dir='ltr'>fuit</span> <span class='ocrx_word' id='word_1_53' title='bbox 441 1363 566 1420; x_wconf 82' lang='lat' dir='ltr'>Gelfridi</span> <span class='ocrx_word' id='word_1_54' title='bbox 585 1362 621 1417; x_wconf 87' lang='lat' dir='ltr'>de</span> <span class='ocrx_word' id='word_1_55' title='bbox 640 1363 755 1418; x_wconf 85' lang='lat' dir='ltr'>Ledeue</span> <span class='ocrx_word' id='word_1_56' title='bbox 774 1363 867 1434; x_wconf 78' lang='lat' dir='ltr'>patrie</span> <span class='ocrx_word' id='word_1_57' title='bbox 885 1364 944 1418; x_wconf 88' lang='lat' dir='ltr'>mei</span> <span class='ocrx_word' id='word_1_58' title='bbox 963 1364 1026 1418; x_wconf 81' lang='lat' dir='ltr'>uine</span> <span class='ocrx_word' id='word_1_59' title='bbox 1045 1362 1145 1433; x_wconf 72' lang='lat' dir='ltr'>aliquo</span> <span class='ocrx_word' id='word_1_60' title='bbox 1162 1367 1367 1418; x_wconf 83' lang='lat' dir='ltr'>retenemento</span> <span class='ocrx_word' id='word_1_61' title='bbox 1385 1362 1423 1417; x_wconf 78' lang='lat' dir='ltr'>ud</span> 
     </span>
     <span class='ocr_line' id='line_1_8' title="bbox 364 1446 1423 1520; baseline -0.004 -16"><span class='ocrx_word' id='word_1_62' title='bbox 364 1467 437 1520; x_wconf 74' lang='lat' dir='ltr'>opus</span> <span class='ocrx_word' id='word_1_63' title='bbox 455 1465 554 1503; x_wconf 85' lang='lat' dir='ltr'>meum</span> <span class='ocrx_word' id='word_1_64' title='bbox 572 1448 621 1504; x_wconf 78' lang='lat' dir='ltr'>vel</span> <span class='ocrx_word' id='word_1_65' title='bbox 645 1447 797 1503; x_wconf 82' lang='lat' dir='ltr'>haerodum</span> <span class='ocrx_word' id='word_1_66' title='bbox 814 1465 956 1511; x_wconf 84' lang='lat' dir='ltr'>meorum,</span> <span class='ocrx_word' id='word_1_67' title='bbox 976 1447 1019 1503; x_wconf 78' lang='lat' dir='ltr'>itu</span> <span class='ocrx_word' id='word_1_68' title='bbox 1035 1447 1175 1503; x_wconf 79' lang='lat' dir='ltr'>videlieet</span> <span class='ocrx_word' id='word_1_69' title='bbox 1192 1446 1273 1518; x_wconf 87' lang='lat' dir='ltr'>quod</span> <span class='ocrx_word' id='word_1_70' title='bbox 1289 1464 1347 1502; x_wconf 86' lang='lat' dir='ltr'>neo</span> <span class='ocrx_word' id='word_1_71' title='bbox 1365 1464 1423 1516; x_wconf 82' lang='lat' dir='ltr'>ego</span> 
     </span>
     <span class='ocr_line' id='line_1_9' title="bbox 363 1530 1422 1603; baseline -0.005 -15"><span class='ocrx_word' id='word_1_72' title='bbox 363 1551 417 1588; x_wconf 87' lang='lat' dir='ltr'>noe</span> <span class='ocrx_word' id='word_1_73' title='bbox 435 1532 544 1601; x_wconf 73' lang='lat' dir='ltr'>aliquis</span> <span class='ocrx_word' id='word_1_74' title='bbox 562 1530 713 1586; x_wconf 73' lang='lat' dir='ltr'>haeredum</span> <span class='ocrx_word' id='word_1_75' title='bbox 730 1549 864 1586; x_wconf 83' lang='lat' dir='ltr'>meorum</span> <span class='ocrx_word' id='word_1_76' title='bbox 885 1532 916 1585; x_wconf 91' lang='lat' dir='ltr'>in</span> <span class='ocrx_word' id='word_1_77' title='bbox 934 1531 1034 1603; x_wconf 75' lang='lat' dir='ltr'>alique</span> <span class='ocrx_word' id='word_1_78' title='bbox 1049 1535 1133 1602; x_wconf 82' lang='lat' dir='ltr'>porte</span> <span class='ocrx_word' id='word_1_79' title='bbox 1152 1530 1233 1584; x_wconf 80' lang='lat' dir='ltr'>illiue</span> <span class='ocrx_word' id='word_1_80' title='bbox 1258 1531 1422 1584; x_wconf 83' lang='lat' dir='ltr'>tenementi</span> 
     </span>
     <span class='ocr_line' id='line_1_10' title="bbox 364 1613 1422 1687; baseline -0.003 -16"><span class='ocrx_word' id='word_1_81' title='bbox 364 1616 442 1687; x_wconf 91' lang='lat' dir='ltr'>quod</span> <span class='ocrx_word' id='word_1_82' title='bbox 460 1615 533 1671; x_wconf 88' lang='lat' dir='ltr'>dicti</span> <span class='ocrx_word' id='word_1_83' title='bbox 550 1615 644 1687; x_wconf 75' lang='lat' dir='ltr'>petria</span> <span class='ocrx_word' id='word_1_84' title='bbox 662 1614 721 1669; x_wconf 88' lang='lat' dir='ltr'>mei</span> <span class='ocrx_word' id='word_1_85' title='bbox 740 1614 860 1686; x_wconf 75' lang='lat' dir='ltr'><strong>aliquod</strong></span> <span class='ocrx_word' id='word_1_86' title='bbox 874 1616 924 1686; x_wconf 87' lang='lat' dir='ltr'>jus</span> <span class='ocrx_word' id='word_1_87' title='bbox 936 1615 985 1672; x_wconf 88' lang='lat' dir='ltr'>vel</span> <span class='ocrx_word' id='word_1_88' title='bbox 1003 1614 1142 1671; x_wconf 82' lang='lat' dir='ltr'>olemium</span> <span class='ocrx_word' id='word_1_89' title='bbox 1153 1613 1313 1670; x_wconf 73' lang='lat' dir='ltr'>vendidere</span> <span class='ocrx_word' id='word_1_90' title='bbox 1325 1613 1422 1685; x_wconf 79' lang='lat' dir='ltr'>possi·</span> 
     </span>
     <span class='ocr_line' id='line_1_11' title="bbox 362 1698 679 1770; baseline 0.003 -16"><span class='ocrx_word' id='word_1_91' title='bbox 362 1717 428 1754; x_wconf 82' lang='lat' dir='ltr'>mue</span> <span class='ocrx_word' id='word_1_92' title='bbox 446 1698 478 1752; x_wconf 87' lang='lat' dir='ltr'>in</span> <span class='ocrx_word' id='word_1_93' title='bbox 495 1703 679 1770; x_wconf 85' lang='lat' dir='ltr'>perpetuum.</span> 
     </span>
     <span class='ocr_line' id='line_1_12' title="bbox 398 1783 609 1853; baseline 0.005 -17"><span class='ocrx_word' id='word_1_94' title='bbox 398 1783 437 1837; x_wconf 78' lang='lat' dir='ltr'>ut</span> <span class='ocrx_word' id='word_1_95' title='bbox 455 1783 533 1853; x_wconf 84' lang='lat' dir='ltr'>quie,</span> <span class='ocrx_word' id='word_1_96' title='bbox 554 1787 609 1837; x_wconf 86' lang='lat' dir='ltr'>eto.</span> 
     </span>
    </p>
   </div>
   <div class='ocr_carea' id='block_1_3' title="bbox 697 1951 1085 2035">
    <p class='ocr_par' dir='ltr' id='par_1_3' title="bbox 697 1951 1085 2035">
     <span class='ocr_line' id='line_1_13' title="bbox 697 1951 1085 2035; baseline -0.003 -18"><span class='ocrx_word' id='word_1_97' title='bbox 697 1951 871 2035; x_wconf 74' lang='lat' dir='ltr'>OOOXOI.</span> <span class='ocrx_word' id='word_1_98' title='bbox 894 1953 944 2018; x_wconf 84' lang='lat' dir='ltr'>De</span> <span class='ocrx_word' id='word_1_99' title='bbox 966 1953 1085 2019; x_wconf 75' lang='lat' dir='ltr'>eodem.</span> 
     </span>
    </p>
   </div>
   <div class='ocr_carea' id='block_1_4' title="bbox 353 2087 1484 4072">
    <p class='ocr_par' dir='ltr' id='par_1_4' title="bbox 353 2087 1484 3995">
     <span class='ocr_line' id='line_1_14' title="bbox 397 2087 1422 2165; baseline -0.004 -20"><span class='ocrx_word' id='word_1_100' title='bbox 397 2087 499 2149; x_wconf 75' lang='lat' dir='ltr'>suone</span> <span class='ocrx_word' id='word_1_101' title='bbox 516 2095 675 2160; x_wconf 72' lang='lat' dir='ltr'>presentes</span> <span class='ocrx_word' id='word_1_102' title='bbox 700 2094 731 2151; x_wconf 85' lang='lat' dir='ltr'>et</span> <span class='ocrx_word' id='word_1_103' title='bbox 753 2089 855 2155; x_wconf 86' lang='lat' dir='ltr'>futuri,</span> <span class='ocrx_word' id='word_1_104' title='bbox 876 2090 955 2160; x_wconf 88' lang='lat' dir='ltr'>quod</span> <span class='ocrx_word' id='word_1_105' title='bbox 982 2108 1037 2162; x_wconf 83' lang='lat' dir='ltr'>ego</span> <span class='ocrx_word' id='word_1_106' title='bbox 1057 2089 1167 2165; x_wconf 66' lang='lat' dir='ltr'>Syneon</span> <span class='ocrx_word' id='word_1_107' title='bbox 1184 2089 1371 2153; x_wconf 74' lang='lat' dir='ltr'>Poesoovout</span> <span class='ocrx_word' id='word_1_108' title='bbox 1390 2092 1422 2142; x_wconf 89' lang='lat' dir='ltr'>ct</span> 
     </span>
     <span class='ocr_line' id='line_1_15' title="bbox 361 2171 1421 2239; baseline -0.004 -9"><span class='ocrx_word' id='word_1_109' title='bbox 361 2171 467 2230; x_wconf 75' lang='lat' dir='ltr'>sibilla</span> <span class='ocrx_word' id='word_1_110' title='bbox 484 2190 557 2229; x_wconf 80' lang='lat' dir='ltr'>uxor</span> <span class='ocrx_word' id='word_1_111' title='bbox 574 2191 641 2231; x_wconf 77' lang='lat' dir='ltr'>mee</span> <span class='ocrx_word' id='word_1_112' title='bbox 657 2173 718 2234; x_wconf 76' lang='lat' dir='ltr'>filio</span> <span class='ocrx_word' id='word_1_113' title='bbox 737 2173 862 2239; x_wconf 69' lang='lat' dir='ltr'>Gelfridi</span> <span class='ocrx_word' id='word_1_114' title='bbox 880 2174 916 2230; x_wconf 89' lang='lat' dir='ltr'>de</span> <span class='ocrx_word' id='word_1_115' title='bbox 936 2174 1051 2235; x_wconf 76' lang='lat' dir='ltr'>Ledeue</span> <span class='ocrx_word' id='word_1_116' title='bbox 1069 2173 1204 2233; x_wconf 80' lang='lat' dir='ltr'>dedimus</span> <span class='ocrx_word' id='word_1_117' title='bbox 1224 2179 1255 2235; x_wconf 85' lang='lat' dir='ltr'>et</span> <span class='ocrx_word' id='word_1_118' title='bbox 1272 2172 1421 2228; x_wconf 68' lang='lat' dir='ltr'>eoncessi-</span> 
     </span>
     <span class='ocr_line' id='line_1_16' title="bbox 360 2255 1421 2331; baseline 0.001 -20"><span class='ocrx_word' id='word_1_119' title='bbox 360 2274 436 2322; x_wconf 78' lang='lat' dir='ltr'>mue‚</span> <span class='ocrx_word' id='word_1_120' title='bbox 457 2263 487 2315; x_wconf 86' lang='lat' dir='ltr'>et</span> <span class='ocrx_word' id='word_1_121' title='bbox 504 2257 559 2319; x_wconf 75' lang='lat' dir='ltr'>heo</span> <span class='ocrx_word' id='word_1_122' title='bbox 576 2258 715 2331; x_wconf 81' lang='lat' dir='ltr'>praeeeuti</span> <span class='ocrx_word' id='word_1_123' title='bbox 733 2264 815 2320; x_wconf 81' lang='lat' dir='ltr'>curto</span> <span class='ocrx_word' id='word_1_124' title='bbox 838 2264 938 2318; x_wconf 77' lang='lat' dir='ltr'>nostro</span> <span class='ocrx_word' id='word_1_125' title='bbox 955 2257 1199 2323; x_wconf 76' lang='lat' dir='ltr'>confirmavimus,</span> <span class='ocrx_word' id='word_1_126' title='bbox 1220 2256 1353 2312; x_wconf 77' lang='lat' dir='ltr'>Ricardo</span> <span class='ocrx_word' id='word_1_127' title='bbox 1383 2255 1421 2312; x_wconf 83' lang='lat' dir='ltr'>de</span> 
     </span>
     <span class='ocr_line' id='line_1_17' title="bbox 361 2339 1419 2416; baseline -0.005 -19"><span class='ocrx_word' id='word_1_128' title='bbox 361 2341 569 2413; x_wconf 75' lang='lat' dir='ltr'>Wyggemore‚</span> <span class='ocrx_word' id='word_1_129' title='bbox 600 2359 653 2416; x_wconf 89' lang='lat' dir='ltr'>pro</span> <span class='ocrx_word' id='word_1_130' title='bbox 689 2343 826 2412; x_wconf 78' lang='lat' dir='ltr'>homagio</span> <span class='ocrx_word' id='word_1_131' title='bbox 859 2339 890 2397; x_wconf 82' lang='lat' dir='ltr'>et</span> <span class='ocrx_word' id='word_1_132' title='bbox 926 2341 1048 2402; x_wconf 81' lang='lat' dir='ltr'>servitio</span> <span class='ocrx_word' id='word_1_133' title='bbox 1078 2359 1140 2412; x_wconf 77' lang='lat' dir='ltr'>ouo,</span> <span class='ocrx_word' id='word_1_134' title='bbox 1173 2346 1268 2405; x_wconf 77' lang='lat' dir='ltr'>totum</span> <span class='ocrx_word' id='word_1_135' title='bbox 1306 2347 1419 2395; x_wconf 81' lang='lat' dir='ltr'>terrem</span> 
     </span>
     <span class='ocr_line' id='line_1_18' title="bbox 359 2425 1421 2498; baseline -0.001 -19"><span class='ocrx_word' id='word_1_136' title='bbox 359 2430 490 2480; x_wconf 79' lang='lat' dir='ltr'>nostrum</span> <span class='ocrx_word' id='word_1_137' title='bbox 514 2425 546 2480; x_wconf 88' lang='lat' dir='ltr'>iu</span> <span class='ocrx_word' id='word_1_138' title='bbox 570 2425 644 2481; x_wconf 78' lang='lat' dir='ltr'>ville</span> <span class='ocrx_word' id='word_1_139' title='bbox 671 2426 707 2481; x_wconf 91' lang='lat' dir='ltr'>de</span> <span class='ocrx_word' id='word_1_140' title='bbox 726 2426 843 2484; x_wconf 88' lang='lat' dir='ltr'>Ledeue</span> <span class='ocrx_word' id='word_1_141' title='bbox 868 2444 936 2486; x_wconf 86' lang='lat' dir='ltr'>eum</span> <span class='ocrx_word' id='word_1_142' title='bbox 962 2426 1148 2498; x_wconf 85' lang='lat' dir='ltr'>pertinentiis</span> <span class='ocrx_word' id='word_1_143' title='bbox 1175 2426 1250 2489; x_wconf 73' lang='lat' dir='ltr'>euin,</span> <span class='ocrx_word' id='word_1_144' title='bbox 1277 2425 1421 2481; x_wconf 83' lang='lat' dir='ltr'>videlicet</span> 
     </span>
     <span class='ocr_line' id='line_1_19' title="bbox 358 2508 1419 2584; baseline -0.005 -19"><span class='ocrx_word' id='word_1_145' title='bbox 358 2514 451 2569; x_wconf 76' lang='lat' dir='ltr'>totam</span> <span class='ocrx_word' id='word_1_146' title='bbox 470 2509 588 2568; x_wconf 86' lang='lat' dir='ltr'>tertium</span> <span class='ocrx_word' id='word_1_147' title='bbox 606 2516 720 2584; x_wconf 83' lang='lat' dir='ltr'>portem</span> <span class='ocrx_word' id='word_1_148' title='bbox 738 2515 825 2572; x_wconf 72' lang='lat' dir='ltr'>terreo</span> <span class='ocrx_word' id='word_1_149' title='bbox 844 2515 875 2565; x_wconf 88' lang='lat' dir='ltr'>ot</span> <span class='ocrx_word' id='word_1_150' title='bbox 897 2511 1044 2579; x_wconf 72' lang='lat' dir='ltr'>mesuagii</span> <span class='ocrx_word' id='word_1_151' title='bbox 1063 2527 1128 2580; x_wconf 69' lang='lat' dir='ltr'>&lt;11¹oe</span> <span class='ocrx_word' id='word_1_152' title='bbox 1148 2509 1204 2568; x_wconf 85' lang='lat' dir='ltr'>snit</span> <span class='ocrx_word' id='word_1_153' title='bbox 1224 2508 1356 2570; x_wconf 72' lang='lat' dir='ltr'>Gelfridi</span> <span class='ocrx_word' id='word_1_154' title='bbox 1383 2508 1419 2561; x_wconf 90' lang='lat' dir='ltr'>de</span> 
     </span>
     <span class='ocr_line' id='line_1_20' title="bbox 358 2591 1420 2664; baseline -0.002 -18"><span class='ocrx_word' id='word_1_155' title='bbox 358 2591 475 2652; x_wconf 78' lang='lat' dir='ltr'>Ledeue</span> <span class='ocrx_word' id='word_1_156' title='bbox 502 2593 534 2650; x_wconf 89' lang='lat' dir='ltr'>in</span> <span class='ocrx_word' id='word_1_157' title='bbox 559 2593 661 2653; x_wconf 81' lang='lat' dir='ltr'>eadem</span> <span class='ocrx_word' id='word_1_158' title='bbox 679 2593 760 2659; x_wconf 76' lang='lat' dir='ltr'>villa,</span> <span class='ocrx_word' id='word_1_159' title='bbox 781 2599 811 2653; x_wconf 85' lang='lat' dir='ltr'>et</span> <span class='ocrx_word' id='word_1_160' title='bbox 838 2594 936 2650; x_wconf 78' lang='lat' dir='ltr'>omniu</span> <span class='ocrx_word' id='word_1_161' title='bbox 963 2611 1029 2663; x_wconf 82' lang='lat' dir='ltr'>queo</span> <span class='ocrx_word' id='word_1_162' title='bbox 1054 2597 1175 2664; x_wconf 83' lang='lat' dir='ltr'>possent</span> <span class='ocrx_word' id='word_1_163' title='bbox 1200 2609 1255 2663; x_wconf 87' lang='lat' dir='ltr'>per</span> <span class='ocrx_word' id='word_1_164' title='bbox 1285 2592 1420 2662; x_wconf 78' lang='lat' dir='ltr'>aliquem</span> 
     </span>
     <span class='ocr_line' id='line_1_21' title="bbox 357 2674 1419 2748; baseline -0.003 -16"><span class='ocrx_word' id='word_1_165' title='bbox 357 2694 475 2738; x_wconf 77' lang='lat' dir='ltr'>oensem</span> <span class='ocrx_word' id='word_1_166' title='bbox 493 2676 576 2737; x_wconf 72' lang='lat' dir='ltr'>illiue</span> <span class='ocrx_word' id='word_1_167' title='bbox 594 2676 774 2737; x_wconf 72' lang='lat' dir='ltr'>hereditatis</span> <span class='ocrx_word' id='word_1_168' title='bbox 794 2677 824 2742; x_wconf 89' lang='lat' dir='ltr'>iu</span> <span class='ocrx_word' id='word_1_169' title='bbox 848 2677 947 2748; x_wconf 72' lang='lat' dir='ltr'>aliquo</span> <span class='ocrx_word' id='word_1_170' title='bbox 965 2682 1096 2748; x_wconf 78' lang='lat' dir='ltr'>tempore</span> <span class='ocrx_word' id='word_1_171' title='bbox 1114 2676 1197 2733; x_wconf 84' lang='lat' dir='ltr'>nobis</span> <span class='ocrx_word' id='word_1_172' title='bbox 1216 2675 1266 2731; x_wconf 78' lang='lat' dir='ltr'>rel</span> <span class='ocrx_word' id='word_1_173' title='bbox 1293 2674 1419 2731; x_wconf 85' lang='lat' dir='ltr'>hoeredi-</span> 
     </span>
     <span class='ocr_line' id='line_1_22' title="bbox 356 2759 1419 2829; baseline -0.002 -15"><span class='ocrx_word' id='word_1_174' title='bbox 356 2759 411 2817; x_wconf 80' lang='lat' dir='ltr'>bue</span> <span class='ocrx_word' id='word_1_175' title='bbox 442 2761 551 2823; x_wconf 79' lang='lat' dir='ltr'>nostrie</span> <span class='ocrx_word' id='word_1_176' title='bbox 581 2759 776 2829; x_wconf 73' lang='lat' dir='ltr'>descendere3</span> <span class='ocrx_word' id='word_1_177' title='bbox 814 2761 948 2820; x_wconf 82' lang='lat' dir='ltr'>habende</span> <span class='ocrx_word' id='word_1_178' title='bbox 977 2766 1008 2820; x_wconf 83' lang='lat' dir='ltr'>et</span> <span class='ocrx_word' id='word_1_179' title='bbox 1042 2759 1168 2824; x_wconf 81' lang='lat' dir='ltr'>tenende</span> <span class='ocrx_word' id='word_1_180' title='bbox 1196 2759 1233 2818; x_wconf 86' lang='lat' dir='ltr'>de</span> <span class='ocrx_word' id='word_1_181' title='bbox 1270 2759 1358 2818; x_wconf 86' lang='lat' dir='ltr'>nobis</span> <span class='ocrx_word' id='word_1_182' title='bbox 1389 2764 1419 2813; x_wconf 88' lang='lat' dir='ltr'>et</span> 
     </span>
     <span class='ocr_line' id='line_1_23' title="bbox 355 2842 1418 2913; baseline -0.003 -14"><span class='ocrx_word' id='word_1_183' title='bbox 355 2842 522 2904; x_wconf 66' lang='lat' dir='ltr'>haeredibus</span> <span class='ocrx_word' id='word_1_184' title='bbox 553 2845 662 2904; x_wconf 80' lang='lat' dir='ltr'>nostris</span> <span class='ocrx_word' id='word_1_185' title='bbox 692 2845 749 2902; x_wconf 81' lang='lat' dir='ltr'>eibi</span> <span class='ocrx_word' id='word_1_186' title='bbox 780 2850 810 2904; x_wconf 81' lang='lat' dir='ltr'>et</span> <span class='ocrx_word' id='word_1_187' title='bbox 842 2844 1009 2906; x_wconf 72' lang='lat' dir='ltr'>heredibus</span> <span class='ocrx_word' id='word_1_188' title='bbox 1040 2844 1102 2904; x_wconf 77' lang='lat' dir='ltr'>suis</span> <span class='ocrx_word' id='word_1_189' title='bbox 1133 2850 1164 2903; x_wconf 81' lang='lat' dir='ltr'>et</span> <span class='ocrx_word' id='word_1_190' title='bbox 1193 2843 1358 2913; x_wconf 75' lang='lat' dir='ltr'>assignatis</span> <span class='ocrx_word' id='word_1_191' title='bbox 1388 2850 1418 2897; x_wconf 91' lang='lat' dir='ltr'>et</span> 
     </span>
     <span class='ocr_line' id='line_1_24' title="bbox 355 2926 1416 3000; baseline 0 -20"><span class='ocrx_word' id='word_1_192' title='bbox 355 2943 456 2983; x_wconf 82' lang='lat' dir='ltr'>eorum</span> <span class='ocrx_word' id='word_1_193' title='bbox 483 2928 660 2994; x_wconf 68' lang='lat' dir='ltr'>haeredibus,</span> <span class='ocrx_word' id='word_1_194' title='bbox 683 2928 777 2985; x_wconf 84' lang='lat' dir='ltr'>libere</span> <span class='ocrx_word' id='word_1_195' title='bbox 807 2934 837 2993; x_wconf 81' lang='lat' dir='ltr'>et</span> <span class='ocrx_word' id='word_1_196' title='bbox 864 2928 972 3000; x_wconf 84' lang='lat' dir='ltr'>quieto,</span> <span class='ocrx_word' id='word_1_197' title='bbox 1000 2927 1168 2992; x_wconf 83' lang='lat' dir='ltr'>honorifice,</span> <span class='ocrx_word' id='word_1_198' title='bbox 1195 2927 1226 2988; x_wconf 83' lang='lat' dir='ltr'>in</span> <span class='ocrx_word' id='word_1_199' title='bbox 1256 2927 1357 2990; x_wconf 82' lang='lat' dir='ltr'>bosco,</span> <span class='ocrx_word' id='word_1_200' title='bbox 1386 2926 1416 2980; x_wconf 90' lang='lat' dir='ltr'>in</span> 
     </span>
     <span class='ocr_line' id='line_1_25' title="bbox 354 3009 1415 3081; baseline -0.001 -17"><span class='ocrx_word' id='word_1_201' title='bbox 354 3009 450 3080; x_wconf 78' lang='lat' dir='ltr'>pleno,</span> <span class='ocrx_word' id='word_1_202' title='bbox 471 3011 501 3064; x_wconf 89' lang='lat' dir='ltr'>in</span> <span class='ocrx_word' id='word_1_203' title='bbox 519 3011 586 3077; x_wconf 80' lang='lat' dir='ltr'>viis,</span> <span class='ocrx_word' id='word_1_204' title='bbox 613 3012 644 3065; x_wconf 90' lang='lat' dir='ltr'>in</span> <span class='ocrx_word' id='word_1_205' title='bbox 669 3012 792 3078; x_wconf 75' lang='lat' dir='ltr'>semitis,</span> <span class='ocrx_word' id='word_1_206' title='bbox 814 3013 845 3072; x_wconf 86' lang='lat' dir='ltr'>in</span> <span class='ocrx_word' id='word_1_207' title='bbox 871 3011 974 3081; x_wconf 78' lang='lat' dir='ltr'>pretio,</span> <span class='ocrx_word' id='word_1_208' title='bbox 995 3012 1027 3066; x_wconf 88' lang='lat' dir='ltr'>in</span> <span class='ocrx_word' id='word_1_209' title='bbox 1047 3011 1186 3081; x_wconf 75' lang='lat' dir='ltr'>pasturis,</span> <span class='ocrx_word' id='word_1_210' title='bbox 1209 3011 1240 3064; x_wconf 89' lang='lat' dir='ltr'>iu</span> <span class='ocrx_word' id='word_1_211' title='bbox 1267 3011 1365 3081; x_wconf 84' lang='lat' dir='ltr'>aquis,</span> <span class='ocrx_word' id='word_1_212' title='bbox 1385 3010 1415 3063; x_wconf 89' lang='lat' dir='ltr'>in</span> 
     </span>
     <span class='ocr_line' id='line_1_26' title="bbox 355 3092 1413 3162; baseline 0 -14"><span class='ocrx_word' id='word_1_213' title='bbox 355 3092 509 3162; x_wconf 52' lang='lat' dir='ltr'>homagio,</span> <span class='ocrx_word' id='word_1_214' title='bbox 540 3095 570 3149; x_wconf 88' lang='lat' dir='ltr'>iu</span> <span class='ocrx_word' id='word_1_215' title='bbox 596 3096 736 3161; x_wconf 80' lang='lat' dir='ltr'>servitiis,</span> <span class='ocrx_word' id='word_1_216' title='bbox 766 3101 796 3152; x_wconf 88' lang='lat' dir='ltr'>et</span> <span class='ocrx_word' id='word_1_217' title='bbox 823 3095 854 3152; x_wconf 84' lang='lat' dir='ltr'>in</span> <span class='ocrx_word' id='word_1_218' title='bbox 880 3096 1015 3157; x_wconf 73' lang='lat' dir='ltr'>omnibus</span> <span class='ocrx_word' id='word_1_219' title='bbox 1041 3094 1229 3151; x_wconf 75' lang='lat' dir='ltr'>libertatibus</span> <span class='ocrx_word' id='word_1_220' title='bbox 1257 3099 1287 3153; x_wconf 81' lang='lat' dir='ltr'>et</span> <span class='ocrx_word' id='word_1_221' title='bbox 1313 3094 1413 3148; x_wconf 80' lang='lat' dir='ltr'>liberis</span> 
     </span>
     <span class='ocr_line' id='line_1_27' title="bbox 356 3173 1412 3245; baseline 0 -19"><span class='ocrx_word' id='word_1_222' title='bbox 356 3173 624 3239; x_wconf 81' lang='lat' dir='ltr'>consuetudinibus,</span> <span class='ocrx_word' id='word_1_223' title='bbox 645 3181 675 3229; x_wconf 87' lang='lat' dir='ltr'>et</span> <span class='ocrx_word' id='word_1_224' title='bbox 700 3176 731 3233; x_wconf 85' lang='lat' dir='ltr'>in</span> <span class='ocrx_word' id='word_1_225' title='bbox 758 3175 891 3234; x_wconf 82' lang='lat' dir='ltr'>omuibus</span> <span class='ocrx_word' id='word_1_226' title='bbox 918 3175 1007 3228; x_wconf 79' lang='lat' dir='ltr'>rebus</span> <span class='ocrx_word' id='word_1_227' title='bbox 1027 3193 1092 3244; x_wconf 82' lang='lat' dir='ltr'>quae</span> <span class='ocrx_word' id='word_1_228' title='bbox 1110 3186 1232 3245; x_wconf 77' lang='lat' dir='ltr'>possent</span> <span class='ocrx_word' id='word_1_229' title='bbox 1258 3174 1344 3229; x_wconf 79' lang='lat' dir='ltr'>uobis</span> <span class='ocrx_word' id='word_1_230' title='bbox 1368 3174 1412 3227; x_wconf 82' lang='lat' dir='ltr'>vel</span> 
     </span>
     <span class='ocr_line' id='line_1_28' title="bbox 354 3255 1412 3330; baseline -0.001 -20"><span class='ocrx_word' id='word_1_231' title='bbox 354 3255 520 3312; x_wconf 68' lang='lat' dir='ltr'>heredibus</span> <span class='ocrx_word' id='word_1_232' title='bbox 539 3258 647 3315; x_wconf 79' lang='lat' dir='ltr'>nostris</span> <span class='ocrx_word' id='word_1_233' title='bbox 670 3258 819 3330; x_wconf 75' lang='lat' dir='ltr'>idolique</span> <span class='ocrx_word' id='word_1_234' title='bbox 843 3258 915 3318; x_wconf 86' lang='lat' dir='ltr'>horo</span> <span class='ocrx_word' id='word_1_235' title='bbox 934 3257 1120 3322; x_wconf 72' lang='lat' dir='ltr'>descendere,</span> <span class='ocrx_word' id='word_1_236' title='bbox 1151 3259 1214 3312; x_wconf 78' lang='lat' dir='ltr'>sine</span> <span class='ocrx_word' id='word_1_237' title='bbox 1242 3258 1344 3326; x_wconf 78' lang='lat' dir='ltr'>aliquo</span> <span class='ocrx_word' id='word_1_238' title='bbox 1370 3274 1412 3310; x_wconf 87' lang='lat' dir='ltr'>ro·</span> 
     </span>
     <span class='ocr_line' id='line_1_29' title="bbox 355 3340 1412 3407; baseline -0.002 -13"><span class='ocrx_word' id='word_1_239' title='bbox 355 3344 520 3395; x_wconf 77' lang='lat' dir='ltr'>tenemento</span> <span class='ocrx_word' id='word_1_240' title='bbox 548 3340 583 3395; x_wconf 84' lang='lat' dir='ltr'>de</span> <span class='ocrx_word' id='word_1_241' title='bbox 609 3341 692 3397; x_wconf 78' lang='lat' dir='ltr'>nobie</span> <span class='ocrx_word' id='word_1_242' title='bbox 713 3341 760 3400; x_wconf 75' lang='lat' dir='ltr'>vel</span> <span class='ocrx_word' id='word_1_243' title='bbox 788 3341 955 3396; x_wconf 76' lang='lat' dir='ltr'>haeredibus</span> <span class='ocrx_word' id='word_1_244' title='bbox 983 3341 1108 3407; x_wconf 82' lang='lat' dir='ltr'>uostrie;</span> <span class='ocrx_word' id='word_1_245' title='bbox 1135 3341 1271 3395; x_wconf 74' lang='lat' dir='ltr'>faciendo</span> <span class='ocrx_word' id='word_1_246' title='bbox 1297 3340 1412 3395; x_wconf 88' lang='lat' dir='ltr'>domino</span> 
     </span>
     <span class='ocr_line' id='line_1_30' title="bbox 354 3423 1412 3495; baseline -0.002 -17"><span class='ocrx_word' id='word_1_247' title='bbox 354 3423 451 3478; x_wconf 80' lang='lat' dir='ltr'>abbati</span> <span class='ocrx_word' id='word_1_248' title='bbox 478 3424 669 3480; x_wconf 79' lang='lat' dir='ltr'>Glouccutrioo</span> <span class='ocrx_word' id='word_1_249' title='bbox 698 3425 747 3494; x_wconf 83' lang='lat' dir='ltr'>qui</span> <span class='ocrx_word' id='word_1_250' title='bbox 774 3424 910 3480; x_wconf 68' lang='lat' dir='ltr'>dontinus</span> <span class='ocrx_word' id='word_1_251' title='bbox 937 3430 982 3479; x_wconf 81' lang='lat' dir='ltr'>est</span> <span class='ocrx_word' id='word_1_252' title='bbox 1012 3425 1145 3495; x_wconf 85' lang='lat' dir='ltr'>ejusdem</span> <span class='ocrx_word' id='word_1_253' title='bbox 1177 3423 1256 3478; x_wconf 87' lang='lat' dir='ltr'>feodi</span> <span class='ocrx_word' id='word_1_254' title='bbox 1288 3424 1320 3477; x_wconf 91' lang='lat' dir='ltr'>in</span> <span class='ocrx_word' id='word_1_255' title='bbox 1351 3424 1412 3477; x_wconf 87' lang='lat' dir='ltr'>loco</span> 
     </span>
     <span class='ocr_line' id='line_1_31' title="bbox 353 3508 1411 3579; baseline -0.001 -18"><span class='ocrx_word' id='word_1_256' title='bbox 353 3515 452 3566; x_wconf 84' lang='lat' dir='ltr'>nostro</span> <span class='ocrx_word' id='word_1_257' title='bbox 472 3508 604 3563; x_wconf 86' lang='lat' dir='ltr'>debitum</span> <span class='ocrx_word' id='word_1_258' title='bbox 624 3508 787 3571; x_wconf 82' lang='lat' dir='ltr'>servitium,</span> <span class='ocrx_word' id='word_1_259' title='bbox 809 3509 924 3563; x_wconf 79' lang='lat' dir='ltr'>scilicet</span> <span class='ocrx_word' id='word_1_260' title='bbox 943 3509 1060 3567; x_wconf 81' lang='lat' dir='ltr'>tertiam</span> <span class='ocrx_word' id='word_1_261' title='bbox 1078 3513 1193 3579; x_wconf 73' lang='lat' dir='ltr'>purtem</span> <span class='ocrx_word' id='word_1_262' title='bbox 1217 3508 1307 3563; x_wconf 85' lang='lat' dir='ltr'>unius</span> <span class='ocrx_word' id='word_1_263' title='bbox 1327 3509 1411 3562; x_wconf 85' lang='lat' dir='ltr'>armi-</span> 
     </span>
     <span class='ocr_line' id='line_1_32' title="bbox 353 3578 1484 3662; baseline 0.001 -20"><span class='ocrx_word' id='word_1_264' title='bbox 353 3591 418 3660; x_wconf 84' lang='lat' dir='ltr'>geri</span> <span class='ocrx_word' id='word_1_265' title='bbox 438 3591 515 3652; x_wconf 83' lang='lat' dir='ltr'>eiout</span> <span class='ocrx_word' id='word_1_266' title='bbox 535 3593 584 3647; x_wconf 84' lang='lat' dir='ltr'>olii</span> <span class='ocrx_word' id='word_1_267' title='bbox 613 3592 771 3662; x_wconf 52' lang='lat' dir='ltr'>armiger?</span> <span class='ocrx_word' id='word_1_268' title='bbox 798 3593 910 3648; x_wconf 84' lang='lat' dir='ltr'>sooiunt</span> <span class='ocrx_word' id='word_1_269' title='bbox 936 3594 987 3662; x_wconf 86' lang='lat' dir='ltr'>qui</span> <span class='ocrx_word' id='word_1_270' title='bbox 1013 3592 1049 3649; x_wconf 88' lang='lat' dir='ltr'>de</span> <span class='ocrx_word' id='word_1_271' title='bbox 1077 3592 1182 3653; x_wconf 76' lang='lat' dir='ltr'>abbate</span> <span class='ocrx_word' id='word_1_272' title='bbox 1207 3597 1319 3647; x_wconf 79' lang='lat' dir='ltr'>tenent.</span> <span class='ocrx_word' id='word_1_273' title='bbox 1358 3591 1411 3644; x_wconf 88' lang='lat' dir='ltr'>Pro</span> <span class='ocrx_word' id='word_1_274' title='bbox 1480 3578 1484 3590; x_wconf 76' lang='lat'>&#39;</span> 
     </span>
     <span class='ocr_line' id='line_1_33' title="bbox 353 3673 1408 3745; baseline 0.003 -20"><span class='ocrx_word' id='word_1_275' title='bbox 353 3673 408 3727; x_wconf 84' lang='lat' dir='ltr'>hoc</span> <span class='ocrx_word' id='word_1_276' title='bbox 420 3680 518 3728; x_wconf 87' lang='lat' dir='ltr'>nutem</span> <span class='ocrx_word' id='word_1_277' title='bbox 531 3676 683 3729; x_wconf 80' lang='lat' dir='ltr'>donatione</span> <span class='ocrx_word' id='word_1_278' title='bbox 696 3680 805 3737; x_wconf 77' lang='lat' dir='ltr'>nostro,</span> <span class='ocrx_word' id='word_1_279' title='bbox 818 3682 847 3728; x_wconf 87' lang='lat' dir='ltr'>ct</span> <span class='ocrx_word' id='word_1_280' title='bbox 860 3676 1055 3739; x_wconf 82' lang='lat' dir='ltr'>concessione,</span> <span class='ocrx_word' id='word_1_281' title='bbox 1070 3681 1101 3729; x_wconf 87' lang='lat' dir='ltr'>et</span> <span class='ocrx_word' id='word_1_282' title='bbox 1113 3676 1213 3745; x_wconf 81' lang='lat' dir='ltr'>quieto</span> <span class='ocrx_word' id='word_1_283' title='bbox 1226 3675 1408 3737; x_wconf 75' lang='lat' dir='ltr'>clamatione,</span> 
     </span>
     <span class='ocr_line' id='line_1_34' title="bbox 354 3755 1410 3830; baseline -0.001 -19"><span class='ocrx_word' id='word_1_284' title='bbox 354 3755 384 3811; x_wconf 88' lang='lat' dir='ltr'>iu</span> <span class='ocrx_word' id='word_1_285' title='bbox 405 3763 589 3827; x_wconf 80' lang='lat' dir='ltr'>perpetuum,</span> <span class='ocrx_word' id='word_1_286' title='bbox 610 3758 692 3817; x_wconf 85' lang='lat' dir='ltr'>dedit</span> <span class='ocrx_word' id='word_1_287' title='bbox 715 3758 798 3815; x_wconf 82' lang='lat' dir='ltr'>nobie</span> <span class='ocrx_word' id='word_1_288' title='bbox 819 3758 978 3829; x_wconf 69' lang='lat' dir='ltr'>predictus</span> <span class='ocrx_word' id='word_1_289' title='bbox 1006 3759 1150 3817; x_wconf 75' lang='lat' dir='ltr'>Ricardus</span> <span class='ocrx_word' id='word_1_290' title='bbox 1177 3758 1214 3820; x_wconf 82' lang='lat' dir='ltr'>de</span> <span class='ocrx_word' id='word_1_291' title='bbox 1233 3759 1410 3830; x_wconf 85' lang='lat' dir='ltr'>Wygcmore</span> 
     </span>
     <span class='ocr_line' id='line_1_35' title="bbox 354 3842 1410 3912; baseline 0.004 -20"><span class='ocrx_word' id='word_1_292' title='bbox 354 3843 466 3907; x_wconf 83' lang='lat' dir='ltr'>septem</span> <span class='ocrx_word' id='word_1_293' title='bbox 491 3858 604 3898; x_wconf 79' lang='lat' dir='ltr'>marcus</span> <span class='ocrx_word' id='word_1_294' title='bbox 632 3842 747 3911; x_wconf 82' lang='lat' dir='ltr'>argenti</span> <span class='ocrx_word' id='word_1_295' title='bbox 774 3842 993 3912; x_wconf 65' lang='lat' dir='ltr'>sterlingorum,</span> <span class='ocrx_word' id='word_1_296' title='bbox 1015 3850 1045 3897; x_wconf 84' lang='lat' dir='ltr'>ot</span> <span class='ocrx_word' id='word_1_297' title='bbox 1071 3842 1202 3900; x_wconf 75' lang='lat' dir='ltr'>Mobilim</span> <span class='ocrx_word' id='word_1_298' title='bbox 1222 3843 1307 3905; x_wconf 82' lang='lat' dir='ltr'>uxori</span> <span class='ocrx_word' id='word_1_299' title='bbox 1339 3859 1410 3901; x_wconf 69' lang='lat' dir='ltr'>ruem</span> 
     </span>
     <span class='ocr_line' id='line_1_36' title="bbox 354 3923 1027 3995; baseline 0.01 -24"><span class='ocrx_word' id='word_1_300' title='bbox 354 3936 445 3973; x_wconf 90' lang='lat' dir='ltr'>unum</span> <span class='ocrx_word' id='word_1_301' title='bbox 464 3923 586 3990; x_wconf 80' lang='lat' dir='ltr'>pellium</span> <span class='ocrx_word' id='word_1_302' title='bbox 604 3925 691 3995; x_wconf 88' lang='lat' dir='ltr'>pretii</span> <span class='ocrx_word' id='word_1_303' title='bbox 711 3924 839 3995; x_wconf 86' lang='lat' dir='ltr'>quinquo</span> <span class='ocrx_word' id='word_1_304' title='bbox 859 3924 1027 3979; x_wconf 83' lang='lat' dir='ltr'>solidorum.</span> 
     </span>
    </p>

    <p class='ocr_par' dir='ltr' id='par_1_5' title="bbox 389 4001 753 4072">
     <span class='ocr_line' id='line_1_37' title="bbox 389 4001 753 4072; baseline 0.025 -18"><span class='ocrx_word' id='word_1_305' title='bbox 389 4001 428 4056; x_wconf 87' lang='lat' dir='ltr'>Et</span> <span class='ocrx_word' id='word_1_306' title='bbox 447 4005 516 4072; x_wconf 82' lang='lat' dir='ltr'>quio</span> <span class='ocrx_word' id='word_1_307' title='bbox 533 4008 678 4071; x_wconf 79' lang='lat' dir='ltr'>volumus,</span> <span class='ocrx_word' id='word_1_308' title='bbox 698 4016 753 4063; x_wconf 86' lang='lat' dir='ltr'>ete.</span> 
     </span>
    </p>
   </div>
   <div class='ocr_carea' id='block_1_5' title="bbox 679 4198 1093 4267">
    <p class='ocr_par' dir='ltr' id='par_1_6' title="bbox 679 4198 1093 4267">
     <span class='ocr_line' id='line_1_38' title="bbox 679 4198 1093 4267; baseline 0 -1"><span class='ocrx_word' id='word_1_309' title='bbox 679 4198 875 4267; x_wconf 77' lang='lat' dir='ltr'>COOXOH.</span> <span class='ocrx_word' id='word_1_310' title='bbox 900 4201 951 4267; x_wconf 83' lang='lat' dir='ltr'>De</span> <span class='ocrx_word' id='word_1_311' title='bbox 974 4201 1093 4266; x_wconf 72' lang='lat' dir='ltr'>eodem.</span> 
     </span>
    </p>
   </div>
   <div class='ocr_carea' id='block_1_6' title="bbox 351 4330 1410 4500">
    <p class='ocr_par' dir='ltr' id='par_1_7' title="bbox 351 4330 1410 4500">
     <span class='ocr_line' id='line_1_39' title="bbox 386 4330 1410 4416; baseline 0.017 -31"><span class='ocrx_word' id='word_1_312' title='bbox 386 4330 489 4390; x_wconf 82' lang='lat' dir='ltr'>Sciant</span> <span class='ocrx_word' id='word_1_313' title='bbox 517 4345 675 4407; x_wconf 73' lang='lat' dir='ltr'>praesentes</span> <span class='ocrx_word' id='word_1_314' title='bbox 707 4344 738 4394; x_wconf 85' lang='lat' dir='ltr'>et</span> <span class='ocrx_word' id='word_1_315' title='bbox 767 4340 869 4405; x_wconf 88' lang='lat' dir='ltr'>futuri,</span> <span class='ocrx_word' id='word_1_316' title='bbox 902 4342 981 4412; x_wconf 72' lang='lat' dir='ltr'>(mod</span> <span class='ocrx_word' id='word_1_317' title='bbox 1012 4360 1068 4412; x_wconf 84' lang='lat' dir='ltr'>ego</span> <span class='ocrx_word' id='word_1_318' title='bbox 1100 4342 1206 4399; x_wconf 77' lang='lat' dir='ltr'>Sibillu</span> <span class='ocrx_word' id='word_1_319' title='bbox 1237 4345 1273 4399; x_wconf 87' lang='lat' dir='ltr'>de</span> <span class='ocrx_word' id='word_1_320' title='bbox 1305 4347 1410 4416; x_wconf 75' lang='lat' dir='ltr'>Ewyae</span> 
     </span>
     <span class='ocr_line' id='line_1_40' title="bbox 351 4412 1409 4500; baseline 0.018 -36"><span class='ocrx_word' id='word_1_321' title='bbox 351 4412 411 4468; x_wconf 73' lang='lat' dir='ltr'>filio</span> <span class='ocrx_word' id='word_1_322' title='bbox 441 4417 560 4473; x_wconf 82' lang='lat' dir='ltr'>Ricardi</span> <span class='ocrx_word' id='word_1_323' title='bbox 592 4422 811 4492; x_wconf 73' lang='lat' dir='ltr'>dispensatorie,</span> <span class='ocrx_word' id='word_1_324' title='bbox 832 4426 864 4481; x_wconf 88' lang='lat' dir='ltr'>in</span> <span class='ocrx_word' id='word_1_325' title='bbox 893 4426 968 4494; x_wconf 81' lang='lat' dir='ltr'>ligio</span> <span class='ocrx_word' id='word_1_326' title='bbox 991 4427 1135 4481; x_wconf 75' lang='lat' dir='ltr'>viduitate</span> <span class='ocrx_word' id='word_1_327' title='bbox 1166 4445 1242 4494; x_wconf 79' lang='lat' dir='ltr'>mco,</span> <span class='ocrx_word' id='word_1_328' title='bbox 1276 4431 1409 4500; x_wconf 86' lang='lat' dir='ltr'>quietum</span> 
     </span>
    </p>
   </div>
   <div class='ocr_carea' id='block_1_7' title="bbox 355 4545 1399 4570">
    <p class='ocr_par' dir='ltr' id='par_1_8' title="bbox 355 4545 1399 4570">
     <span class='ocr_line' id='line_1_41' title="bbox 355 4545 1399 4570; baseline 0.013 -13"><span class='ocrx_word' id='word_1_329' title='bbox 355 4545 743 4564; x_wconf 29' lang='lat' dir='ltr'>*my-nmmum.</span> <span class='ocrx_word' id='word_1_330' title='bbox 973 4562 1100 4568; x_wconf 63' lang='lat'>„--......-.</span> <span class='ocrx_word' id='word_1_331' title='bbox 1106 4562 1168 4568; x_wconf 45' lang='grc' dir='ltr'>-..ἡ</span> <span class='ocrx_word' id='word_1_332' title='bbox 1174 4563 1385 4570; x_wconf 64' lang='lat'>--—-—-··-.-.--</span> <span class='ocrx_word' id='word_1_333' title='bbox 1394 4564 1399 4568; x_wconf 92' lang='lat'><em>-</em></span> 
     </span>
    </p>
   </div>
   <div class='ocr_carea' id='block_1_8' title="bbox 683 4627 1059 4694">
    <p class='ocr_par' dir='ltr' id='par_1_9' title="bbox 683 4627 1059 4694">
     <span class='ocr_line' id='line_1_42' title="bbox 683 4627 1059 4694; baseline 0.019 -20"><span class='ocrx_word' id='word_1_334' title='bbox 683 4627 687 4654; x_wconf 86' lang='lat'><strong>¹</strong></span> <span class='ocrx_word' id='word_1_335' title='bbox 707 4629 834 4693; x_wconf 70' lang='lat' dir='ltr'>urnriyeri]</span> <span class='ocrx_word' id='word_1_336' title='bbox 854 4629 990 4694; x_wconf 75' lang='lat' dir='ltr'>armigerii,</span> <span class='ocrx_word' id='word_1_337' title='bbox 1003 4630 1059 4681; x_wconf 78' lang='lat' dir='ltr'>MS.</span> 
     </span>
    </p>
   </div>
   <div class='ocr_carea' id='block_1_9' title="bbox 0 0 1584 5610">
    <p class='ocr_par' dir='ltr' id='par_1_10' title="bbox 0 0 1584 5610">
     <span class='ocr_line' id='line_1_43' title="bbox 0 0 1584 5610; baseline 0 6"><span class='ocrx_word' id='word_1_338' title='bbox 0 0 1584 5610; x_wconf 95' lang='lat' dir='ltr'> </span> 
     </span>
    </p>
   </div>
  </div>
 </body>
</html>
