3158 5610
344 708 408 770 326
451 710 452 713 ’
628 715 879 764 eneruauerunt
903 715 1112 764 uoussman

345 889 504 952 devenerit,
520 888 597 960 quod
615 891 740 958 nequeat
758 886 884 957 amplius
902 887 1052 942 commode
1072 886 1193 952 servire,
1214 895 1323 944 extano
1334 906 1407 960 praa·

348 974 420 1028 dieti
439 972 570 1042 religiosi
590 971 738 1025 invenient
755 970 895 1040 praedicto
918 970 1046 1025 Roberto
1069 971 1276 1026 rationabilem
1296 979 1408 1028 susten·

348 1058 499 1119 tationem,
519 1055 657 1110 videlieet
686 1053 812 1124 singulis
843 1053 946 1108 diebus
976 1054 1045 1109 vita
1076 1072 1137 1109 snae
1162 1073 1254 1110 unum
1282 1074 1406 1126 parvum

349 1158 453 1210 panem
471 1140 570 1193 album
589 1144 619 1193 et
636 1137 762 1193 alterum
779 1155 883 1207 panem
909 1137 1057 1208 esquierii‚
1080 1156 1170 1192 unam
1188 1139 1328 1210 lagenam
1347 1158 1407 1193 eer-

348 1224 430 1278 visioe
449 1222 648 1292 competentis,
668 1227 699 1276 et
716 1239 807 1274 unum
819 1221 965 1275 ferculum
983 1238 1050 1276 oum
1069 1222 1189 1294 potagio
1209 1222 1247 1277 de
1265 1223 1407 1279 celeraria

348 1314 378 1361 et
403 1307 528 1376 coquina
553 1305 710 1360 eorrmdem
736 1305 931 1375 percipienda,
952 1310 983 1359 et
1009 1304 1135 1375 singulis
1163 1306 1249 1360 annis
1275 1307 1308 1360 in
1333 1307 1407 1360 festo

350 1391 449 1445 Sancti
479 1389 633 1444 Michaelis
661 1406 749 1442 unam
775 1389 876 1443 robam
901 1389 989 1458 pretii
1017 1388 1147 1443 dimidiae
1165 1406 1273 1444 marca
1291 1389 1340 1444 vel
1364 1391 1406 1444 di·

350 1473 471 1527 midiam
498 1490 635 1527 marcam.
681 1473 740 1526 Pro
765 1472 820 1527 hae
846 1476 944 1526 autem
963 1472 1153 1527 conventione
1171 1480 1203 1527 et
1221 1474 1407 1529 ooncessionc

349 1557 492 1610 concessit
509 1556 649 1625 praelatus
662 1555 809 1610 Robertns
827 1555 958 1624 prefatis
976 1555 1124 1627 religiosis
1143 1557 1243 1610 omnia
1259 1556 1338 1612 bona
1355 1575 1408 1611 sna

349 1640 504 1709 prasentia
529 1645 559 1693 et
586 1640 685 1693 futura
712 1638 857 1709 acquisita
886 1644 917 1693 et
946 1638 1123 1708 acquirenda
1152 1657 1171 1693 a
1200 1641 1278 1695 festo
1308 1640 1407 1695 Sancti

349 1723 431 1777 Petri
469 1723 547 1792 quod
583 1723 691 1776 dicitur
721 1722 759 1776 ad
788 1721 907 1777 vincula
936 1739 1011 1776 anno
1040 1722 1128 1793 regni
1157 1724 1242 1793 regis
1268 1724 1407 1779 Edwardi

349 1807 470 1859 decimo.
509 1806 557 1859 Ita
575 1805 653 1875 quod
671 1823 728 1858 non
746 1805 853 1858 habeat
876 1811 1050 1876 potestatem
1074 1823 1109 1860 ea
1127 1806 1258 1861 alienare
1277 1824 1332 1861 seu
1351 1808 1408 1861 dis-

350 1889 474 1951 trahere,
503 1905 556 1940 neo
582 1887 695 1957 aliquid
722 1905 815 1958 genus
842 1888 1010 1943 testamenti
1036 1888 1169 1953 condere,
1190 1890 1243 1944 sed
1262 1892 1361 1944 omnia
1379 1891 1408 1944 in

153 1979 156 1986 '
253 1989 260 2002 ·
349 1971 507 2025 utilitatem
533 1971 740 2041 praedictorum
758 1971 966 2041 religiosorum
984 1978 1014 2026 et
1032 1973 1203 2027 monasterii
1222 1960 1269 2027 sui
1287 1992 1406 2028 conver·

348 2055 436 2108 tenda
454 2054 638 2123 integraliter
656 2059 833 2108 remaneant.

384 2138 421 2191 Iu
439 2140 523 2208 cujus
541 2138 585 2191 rei
603 2138 804 2192 testimonium
823 2137 924 2207 sigilla
948 2137 1077 2208 partium
1103 2139 1312 2208 praedictarum
1333 2159 1406 2210 pree-

349 2221 424 2277 senti
444 2221 552 2292 scripto
576 2220 607 2274 in
634 2220 752 2275 modum
778 2221 954 2292 cyrographi
982 2221 1147 2277 alternatim
1175 2228 1246 2278 sunt
1270 2241 1406 2295 appensa,

350 2311 406 2359 eto.

689 2484 840 2553 OCOIII.
864 2484 915 2553 De
937 2487 1068 2554 eodem.l

182 2634 337 2684 A.D.1100.
385 2620 470 2674 Anno
496 2620 533 2675 ab
559 2619 762 2676 Inoarnatione
780 2621 898 2677 Domini
927 2622 1084 2677 millesimo
1110 2621 1296 2687 centesimo,²
1317 2625 1408 2696 Hugo

184 2713 271 2763 OtSt.
352 2704 388 2759 de
416 2704 530 2775 Laceyo
561 2710 591 2758 et
617 2703 743 2760 Adelina
771 2721 844 2762 uxor
874 2705 938 2776 ejus
969 2706 1113 2761 dederunt
1142 2706 1276 2762 ecclesias
1308 2708 1406 2764 Sancti

182 2778 278 2829 Peler'ss
352 2787 435 2842 Petri
446 2788 483 2841 do
496 2787 681 2843 Glouoestria
698 2786 852 2843 ecclesiam
872 2787 972 2844 Sancti
990 2789 1072 2845 Petri
1090 2790 1127 2844 de
1145 2790 1325 2846 Herefordia
1343 2810 1408 2846 cum

183 2845 289 2960 {harah
291 2915 307 2961 d
351 2871 485 2925 omnibus
504 2889 570 2940 quas
588 2870 625 2925 ad
643 2888 708 2925 eam
726 2871 882 2942 pertinent,
903 2890 956 2943 pro
975 2873 1125 2928 animabus
1143 2874 1237 2944 patris
1256 2879 1287 2929 et
1304 2877 1407 2930 matris

209 2927 250 2961 θη
261 2928 290 2962 ⁰r
309 2949 316 2962 '
352 2960 382 3008 et
400 2953 530 3007 omnium
547 2960 702 3023 parentum
723 2971 852 3020 snorum,
875 2961 906 3009 et
923 2974 977 3026 pro
996 2955 1066 3020 suis,
1088 2954 1211 3010 liberam
1230 2962 1261 3011 et
1279 2959 1406 3028 quietam

352 3040 384 3092 in
411 3037 598 3091 elemosinam
625 3038 779 3092 tenendam
806 3055 823 3092 a
851 3039 1000 3094 monachis
1026 3039 1080 3093 sub
1099 3038 1172 3108 ipsis
1191 3046 1221 3093 et
1240 3041 1297 3094 sub
1314 3041 1406 3095 haerc-
1453 3054 1456 3062 ¹

353 3122 437 3174 dibus
451 3138 561 3174 comm.
594 3119 693 3174 Abbos
712 3126 810 3176 autem
828 3126 858 3174 ot
875 3123 1009 3177 monachi
1029 3127 1237 3177 concesserunt
1255 3125 1298 3178 eis
1317 3126 1408 3179 socic-

353 3210 442 3259 tatem
462 3211 492 3259 et
509 3203 680 3258 beneficium
700 3203 756 3258 loci
776 3205 831 3268 sui,
853 3205 958 3260 faomri
983 3224 1036 3276 pro
1055 3205 1097 3259 eis
1117 3206 1195 3260 sicut
1212 3224 1266 3276 pro
1285 3208 1358 3279 ipsis
1378 3210 1407 3261 in

353 3288 541 3342 orationibus.
581 3288 643 3358 Ipsi
670 3304 741 3342 vero
766 3294 796 3343 et
821 3306 943 3360 corpora
969 3308 1022 3344 sua
1047 3290 1125 3360 opud
1152 3306 1202 3343 eos
1229 3291 1359 3360 sepeliri,
1380 3299 1409 3344 et

352 3389 451 3425 rerum
470 3389 588 3424 suarum
606 3376 720 3440 partem
738 3371 905 3428 universam
930 3391 995 3444 quse
1021 3373 1064 3428 eis
1083 3372 1240 3442 contigerit
1258 3376 1407 3429 monachis

352 3455 453 3509 donari
472 3460 684 3510 conoessenmt.

387 3540 482 3602 Teste,
502 3535 559 3593 etc.¹

356 3772 501 3839 OOOIV.
524 3772 574 3838 De
595 3792 672 3838 aaa
693 3774 843 3927 1111911εέ
840 3781 967 3929 otw'
982 3783 1012 3840 et
1044 3795 1116 3840 into
1139 3774 1339 3841 raobtsd'ww
1367 3776 1409 3839 ius

186 3994 342 4045 A.D.1225.
391 3984 464 4039 Haeo
476 3984 486 4016 ⁴
498 3992 543 4041 est
560 3985 655 4042 finalis
674 3986 827 4042 concordia
844 3988 921 4043 facta
939 3987 970 4043 in
988 3988 1088 4044 ouria⁵
1101 3989 1211 4043 domini
1230 3989 1311 4062 regis
1331 3993 1409 4062 apud

187 4062 248 4111 Feb·
262 4066 317 4110 2-9.
356 4067 656 4136 westmonasterium,
676 4071 708 4125 in
726 4071 835 4127 octabis
848 4071 1064 4128 Purificationis
1083 4073 1182 4127 Beatse
1201 4072 1315 4137 Mariae,
1334 4093 1409 4129 anno

390 4278 396 4306 ¹
415 4276 505 4342 eodem]
526 4278 589 4328 This
612 4278 634 4329 is
656 4280 787 4333 incorreet.
832 4283 857 4332 It
939 4281 1084 4347 ¹H0re0o]
1104 4281 1245 4342 Hortbone,
1256 4283 1315 4333 MS.

255 4410 268 4433 α
359 4356 449 4405 should
460 4357 491 4405 be
503 4359 518 4383 “
526 4356 631 4408 eeclesia
641 4358 728 4411 Sancti
744 4360 814 4411 Petri
826 4363 857 4411 de
939 4362 947 4390 ⁴
965 4360 1022 4409 The
1041 4361 1093 4411 soot
1112 4362 1144 4410 of
1161 4362 1213 4410 this
1230 4362 1282 4411 tine
1302 4363 1354 4411 will
1378 4367 1409 4413 be

358 4443 373 4467 ‘⁶
390 4438 566 4490 Herefordia.''
905 4440 983 4489 found
1004 4455 1098 4505 among
1116 4440 1158 4489 the
1176 4441 1278 4505 regular
1295 4443 1374 4491 series
1385 4452 1411 4493 at

390 4519 447 4566 2Ιιι
468 4518 510 4567 the
527 4518 571 4568 list
588 4519 618 4568 of
629 4522 761 4572 donatione
780 4524 857 4585 (aare,
905 4521 949 4570 the
974 4519 1062 4571 Public
1084 4521 1184 4571 Record
1207 4521 1304 4578 offlam
1328 4521 1409 4572 Glou-

358 4615 382 4665 p.
395 4599 440 4660 84)
451 4597 503 4646 this
514 4599 562 4662 gift
576 4599 598 4647 is
616 4601 705 4664 placed
725 4603 804 4651 under
814 4602 857 4652 the
905 4607 994 4660 cester,
1006 4600 1093 4664 Henry
1104 4599 1165 4661 ΠΙ.,
1176 4598 1224 4649 Νο.
1238 4605 1278 4649 84.

356 4692 418 4743 year
431 4682 501 4728 1101.
940 4681 949 4709 ⁵
968 4679 992 4727 ia
1003 4679 1089 4744 cura]
1108 4680 1225 4744 repeated
1236 4679 1263 4728 in
1276 4679 1374 4731 Canni
