3158 5610
385 736 448 798 306
674 750 925 799 ‹issnimmuu
948 751 1159 801 uonssrusn

698 1128 916 1194 UOLXVIII.
940 1129 990 1193 De
1012 1129 1133 1226 cedern.

419 1275 571 1331 Universis
591 1275 701 1331 Christi
728 1277 863 1331 fidelibus
882 1278 919 1331 ad
944 1295 1017 1348 quos
1046 1296 1176 1349 prensens
1204 1275 1348 1349 scriptum
1376 1293 1441 1348 per·

383 1360 505 1423 venerit,
527 1359 660 1415 Johanna
684 1361 744 1414 iilia
762 1361 886 1416 Walteri
906 1362 942 1415 de
961 1360 1064 1416 Groilli
1084 1362 1119 1416 de
1139 1360 1291 1433 Fareleye,
1313 1360 1441 1416 salutern

382 1444 412 1496 in
431 1441 555 1498 Domino
577 1444 793 1516 sempiternam.

415 1526 540 1581 Noverit
567 1528 742 1584 universitas
763 1535 862 1584 vestre
880 1547 937 1594 me,
963 1529 994 1583 in
1021 1530 1095 1602 ligia
1120 1530 1264 1586 viduitate
1291 1535 1322 1584 et
1351 1529 1439 1602 plene

379 1616 521 1680 potestate
547 1630 620 1676 mea,
642 1612 767 1678 dedisse,
789 1615 977 1679 concessisse,
998 1631 1032 1668 ao
1062 1632 1115 1685 pro
1137 1632 1185 1668 me
1213 1620 1243 1668 et
1267 1612 1438 1668 haeredibus

378 1695 451 1748 meis
483 1696 514 1749 in
543 1703 717 1767 perpetuum
749 1697 862 1768 quietas
894 1697 1054 1752 clamasse¹
1090 1697 1217 1752 dominis
1254 1697 1329 1751 meis
1363 1697 1438 1751 viris

378 1777 525 1848 religiosis
557 1781 653 1834 abbati
684 1787 714 1835 et
749 1782 903 1835 conventui
936 1782 1035 1836 Sancti
1067 1781 1148 1836 Petri
1182 1781 1377 1836 Gloucestriae
1409 1787 1437 1834 et

378 1879 478 1916 eorum
498 1864 715 1919 suecessoribus
734 1865 764 1918 in
783 1871 967 1936 perpetuum,
991 1866 1022 1919 in
1039 1864 1171 1931 liberem,
1186 1883 1301 1936 puram,
1323 1870 1352 1918 et
1370 1881 1436 1936 per-

376 1953 494 2016 petuam
514 1947 711 2011 elemosinam,
732 1967 832 2003 omnes
851 1950 917 2003 illus
944 1949 1104 2021 particulas
1131 1949 1211 2003 bosci
1239 1954 1268 2001 et
1296 1954 1434 2019 pasturus,

376 2047 435 2084 una
452 2049 519 2085 cum
538 2031 600 2086 solo
619 2050 684 2102 quae
702 2033 791 2087 habui
811 2039 840 2087 et
867 2034 948 2087 tenui
967 2033 1002 2086 de
1031 2033 1115 2088 feodo
1132 2034 1265 2104 ipsorum
1294 2034 1325 2086 in
1344 2049 1435 2103 grava

375 2113 411 2168 de
430 2114 581 2185 Fareleya,
610 2134 667 2170 una
685 2134 752 2171 cum
770 2117 822 2171 illa
841 2124 919 2171 terra
938 2123 1071 2187 portante
1099 2134 1213 2187 vepres.
1241 2115 1379 2179 tribulos,
1406 2122 1434 2169 et

375 2198 482 2268 spinas,
516 2218 580 2270 quae
607 2200 687 2269 jacet
717 2200 793 2253 inter
818 2206 903 2255 vetus
928 2202 1070 2255 fossatum
1101 2199 1250 2270 predicte
1276 2217 1377 2270 gravae
1405 2207 1434 2253 et

374 2288 484 2336 terram
509 2302 603 2338 meam
629 2284 778 2348 arabilem,
808 2285 889 2339 selva
919 2284 992 2338 mihi
1023 2291 1053 2337 et
1082 2282 1250 2338 haeredibus
1275 2285 1351 2337 meis
1383 2282 1435 2336 ills

374 2366 436 2420 sola
465 2368 609 2438 particula
644 2367 791 2438 praedictas
823 2386 922 2438 gravae
954 2386 1019 2440 quae
1045 2367 1125 2438 jacet
1161 2368 1290 2421 exterius
1330 2385 1434 2422 versus

371 2449 515 2504 Austrum
542 2458 572 2506 et
597 2453 788 2523 propinquius
808 2453 898 2506 curias
926 2470 999 2506 mese
1018 2452 1054 2505 de
1074 2452 1225 2522 Fareleye.
1265 2450 1378 2506 Volens
1404 2458 1434 2506 et

372 2535 540 2598 concedens,
561 2554 614 2607 pro
636 2553 682 2590 me
701 2542 731 2589 et
751 2535 917 2591 haeredibus
936 2538 1020 2598 meis,
1043 2536 1120 2606 quod
1139 2535 1274 2606 praedioti
1297 2535 1434 2605 religiosi

270 2651 274 2661 ·
371 2623 462 2671 totam
480 2636 603 2688 gravam
625 2637 707 2673 suam
733 2619 769 2673 de
788 2619 939 2690 Fareleya‚
960 2638 1019 2674 una
1037 2637 1104 2674 cum
1122 2619 1274 2689 praedictis
1293 2619 1433 2689 percellis

372 2700 451 2755 bosci
471 2709 500 2755 et
520 2709 649 2773 pasturas
668 2720 733 2771 quai
753 2702 796 2756 eis
816 2703 954 2765 concessi,
976 2709 1082 2757 etune
1100 2720 1166 2756 oum
1186 2708 1310 2773 pastura
1328 2720 1432 2757 eorun-

371 2783 438 2839 dem
457 2786 630 2841 extendente
649 2803 680 2841 se
698 2804 802 2840 versus
821 2788 963 2841 orientem
982 2787 1086 2841 subtus
1105 2804 1228 2857 gravam
1247 2787 1431 2857 praedictam.

371 2870 604 2935 circumfossare,
638 2870 784 2934 claudere,
817 2876 847 2925 et
877 2870 1063 2926 indefensum
1098 2877 1199 2925 tenere
1229 2871 1349 2925 valeant
1379 2889 1433 2942 per

369 2959 464 3008 totum
483 2972 590 3008 aunum
619 2972 671 3025 pro
689 2954 774 3008 libito
793 2972 854 3008 suso
872 2954 1047 3018 voluntatis,
1068 2954 1177 3025 absque
1198 2955 1276 3007 omni
1307 2955 1432 3027 impedi·

371 3044 468 3092 mento
501 3039 560 3091 mei
585 3038 633 3091 vel
656 3037 807 3090 haeredum
839 3055 971 3091 meorum
997 3055 1254 3108 quorumcunque;
1283 3037 1326 3091 ita
1354 3039 1432 3110 quod

370 3138 423 3174 uec
443 3139 506 3191 ego,
528 3139 581 3174 nec
599 3121 730 3174 haeredes
750 3121 818 3184 mei,
839 3139 891 3174 nec
919 3122 1026 3192 aliquis
1052 3122 1168 3175 nomine
1195 3139 1270 3175 meo.
1293 3121 1324 3174 in
1344 3121 1431 3176 dictis

371 3204 507 3276 percellis
526 3222 624 3275 grava
650 3211 679 3258 et
702 3210 829 3275 pasturae
849 3205 960 3259 eisdem
979 3207 1134 3267 concessis,
1162 3223 1213 3259 seu
1234 3205 1264 3258 in
1290 3224 1384 3276 grava
1402 3216 1430 3260 et

370 3295 490 3360 pastura
516 3289 673 3341 eorundem
706 3306 778 3358 quas
811 3289 892 3358 prius
923 3294 1087 3351 tenuerunt,
1121 3287 1234 3358 aliquid
1268 3289 1347 3359 juris
1382 3290 1428 3343 vel

369 3372 468 3426 olamii
486 3390 647 3426 communae
675 3378 801 3442 pasturae
829 3389 881 3425 seu
906 3373 1098 3442 ingressionis
1125 3372 1154 3424 in
1181 3372 1268 3426 dictis
1288 3391 1383 3443 grava
1401 3386 1429 3427 ct

368 3455 468 3510 clauso
481 3474 547 3509 cum
561 3474 733 3526 quoeunque
747 3455 865 3510 animali
885 3455 916 3508 in
934 3461 1084 3526 posterum
1097 3454 1253 3508 vendicare
1266 3465 1297 3509 et
1310 3458 1429 3527 exigere

369 3541 531 3611 possimus3
552 3538 604 3593 sed
622 3540 657 3592 ab
677 3539 755 3593 omni
770 3539 848 3608 jure,
869 3540 974 3593 clamio
997 3541 1084 3609 juris,
1106 3557 1261 3593 communn-
1287 3547 1427 3611 pastum,

367 3629 397 3677 et
414 3623 606 3694 ingressione,
622 3629 655 3676 ut
669 3621 869 3693 supradictum
888 3629 942 3686 est,
958 3641 1026 3678 oum
1045 3624 1251 3696 qualicunque,
1266 3627 1386 3695 penitus
1399 3634 1429 3679 et

367 3708 480 3778 precise
505 3706 693 3761 excludamur
719 3707 749 3759 in
776 3712 959 3778 perpetuum.
998 3708 1036 3761 Et
1061 3725 1116 3779 ego
1143 3709 1267 3778 praesuta
1292 3709 1427 3764 Johanna

367 3797 396 3846 et
422 3791 553 3847 haeredes
571 3791 630 3845 mei
650 3790 866 3862 qualescunque
894 3796 969 3846 totas
989 3792 1144 3863 praedictas
1163 3793 1324 3863 particulas
1346 3795 1425 3849 bosci

367 3880 397 3929 et
414 3883 542 3946 pasturae
561 3882 590 3928 et
608 3880 694 3928 terrae
707 3874 854 3945 predicte
868 3893 972 3945 vepres
988 3883 1018 3929 et
1037 3874 1158 3929 tribulos
1179 3877 1310 3946 gerentis
1325 3886 1426 3932 contra

367 3976 466 4014 omnes
491 3959 629 4014 mortales
647 3959 910 4023 warantizabimus,
932 3960 1156 4031 aquietabimus‚
1178 3966 1208 4014 et
1232 3960 1425 4017 defendemus

366 4043 602 4115 inperpetuum.
654 4043 712 4096 Pro
744 4043 798 4096 bec
833 4050 932 4098 autem
964 4043 1127 4108 donatione,
1162 4045 1360 4111 concessione,
1396 4054 1426 4100 et

366 4128 465 4198 quieta
483 4127 647 4192 clamantia,
668 4126 811 4181 dederunt
822 4127 895 4182 mihi
914 4127 1047 4197 praedicti
1060 4128 1193 4197 religiosi
1211 4145 1273 4198 pree
1286 4130 1423 4185 munibus

365 4212 438 4267 duas
457 4229 570 4267 marcas
589 4210 712 4281 argenti.

400 4295 436 4350 In
461 4296 544 4367 cujus
570 4295 611 4349 rei
637 4294 837 4350 testimonium
862 4295 999 4366 praesenti
1031 4295 1140 4367 scripto
1163 4296 1298 4367 sigillum
1324 4316 1423 4354 meum

364 4381 495 4452 apposui,
517 4387 570 4434 etc.

479 4693 484 4719 ¹
503 4692 597 4754 quietus
607 4688 737 4755 clansosse]
757 4691 787 4739 ln
799 4691 841 4741 the
853 4693 909 4744 MS.
922 4694 993 4744 these
1005 4697 1088 4745 words
1100 4709 1143 4747 are
1154 4695 1300 4760 misplaced.
