3158 5610
359 763 425 828 364
648 778 898 834 consumamto
920 780 1130 834 nontsnmn

358 949 447 1006 habet
464 969 499 1006 cx
517 956 683 1010 transverso
702 954 856 1011 duodecim
873 974 1007 1013 acrarum
1033 955 1112 1027 apud
1129 971 1267 1026 grossam
1286 951 1414 1024 spinam,

358 1041 389 1089 et
415 1035 480 1091 duae
505 1055 581 1092 acro
608 1044 639 1093 et
662 1038 786 1094 dimidia
811 1039 843 1095 in
868 1039 1117 1112 'Ii-onleyeshulle,
1138 1045 1169 1095 ot
1194 1037 1261 1093 duae
1290 1055 1367 1092 acra
1385 1040 1417 1091 et

357 1118 481 1175 dimidia
498 1120 528 1175 in
552 1122 667 1177 cultura
685 1141 750 1194 quae
768 1122 877 1179 dicitur
897 1124 1027 1194 Stanley,
1054 1128 1085 1179 ot
1108 1140 1160 1178 sex
1178 1140 1256 1179 acrae
1274 1122 1309 1177 in
1326 1120 1416 1176 Suth-

357 1202 435 1259 felde
452 1205 530 1276 apud
548 1206 717 1278 Grenowey,
744 1226 810 1279 quas
835 1208 949 1264 scilicet
965 1206 1073 1280 viginti
1091 1205 1157 1262 duae
1176 1224 1253 1262 {scra¹
1282 1211 1353 1261 sunt
1376 1203 1414 1259 de

356 1289 475 1345 residuo
492 1298 579 1346 terrm
596 1309 669 1346 meae
687 1310 753 1364 quae
771 1292 844 1348 mihi
855 1293 998 1348 remansit
1009 1298 1076 1364 post
1086 1291 1215 1364 primam
1226 1289 1413 1346 donationem

356 1391 444 1444 qnam
462 1375 529 1454 feci'
537 1375 684 1448 praedictae
702 1376 834 1432 coclosiae
852 1384 883 1432 et
899 1376 1049 1449 predictis
1067 1376 1237 1441 monachis;
1264 1373 1413 1430 habendas

355 1463 386 1512 et
396 1457 535 1514 tenendas
552 1459 662 1514 eisdem
679 1459 828 1517 monachis
847 1467 878 1516 et
895 1479 997 1516 corum
1015 1460 1247 1525 successoribus,
1260 1457 1300 1514 de
1318 1476 1366 1514 ms
1383 1464 1414 1514 et

355 1542 521 1598 haeredibus
538 1543 623 1607 meis,
642 1544 673 1598 in
693 1544 826 1609 liberam,
839 1564 953 1617 puram,
968 1551 999 1600 et
1009 1551 1182 1618 perpetuam
1201 1542 1412 1609 elemosinam

354 1626 487 1681 faciendo
505 1627 683 1682 forinsecum
701 1629 857 1684 servitium
870 1637 1011 1700 quantum
1029 1629 1067 1684 ad
1084 1634 1199 1685 tantam
1216 1633 1332 1683 terram
1347 1644 1413 1700 per·

354 1710 429 1765 tinet
447 1728 500 1782 pro
527 1711 606 1765 omni
634 1712 764 1768 servitio.
802 1713 842 1768 Et
867 1731 923 1785 ogo
948 1713 1116 1769 Willolmus
1141 1721 1173 1769 ct
1200 1712 1336 1768 hoeredea
1354 1711 1412 1766 mei

353 1794 607 1850 warantizabimus
625 1796 737 1851 eisdem
755 1797 905 1852 monachis
924 1805 1074 1853 eteorum
1093 1796 1321 1853 successoribus
1338 1813 1411 1868 prae·

352 1879 447 1934 ‹lictas
464 1880 572 1950 viginti
590 1879 663 1935 duas
681 1899 763 1936 noras
782 1899 850 1936 cum
867 1881 1054 1953 pertinentiis
1073 1901 1148 1953 quas
1167 1881 1213 1937 cis
1228 1879 1301 1936 dedi
1312 1885 1412 1936 contra

352 1981 455 2018 omnes
473 1963 607 2019 homines
625 1971 656 2020 et
673 1966 807 2022 soeminas
826 1966 1060 2038 inperpetuum.

387 2048 428 2104 Iit
444 2054 479 2104 ut
495 2048 558 2104 haeo
576 2067 642 2105 moa
660 2048 787 2116 donatio,
808 2057 865 2106 etc.

665 2219 873 2289 CCCLXVI.
896 2222 947 2288 Do
970 2221 1091 2289 codem.

389 2356 489 2413 Sciant
506 2363 665 2430 pra‘scntcs
683 2365 714 2414 et
731 2359 835 2424 futuri,
856 2357 923 2416 etc.¹

657 2554 881 2623 ccctxvn.
907 2555 955 2622 Do
976 2555 1097 2624 solent.

388 2699 491 2756 Sciant
517 2708 677 2772 praesentes
706 2706 737 2757 ct
761 2701 864 2768 futuri,
898 2701 976 2774 quod
1004 2720 1061 2773 ego
1090 2701 1241 2758 Robortus
1273 2702 1310 2757 de
1339 2701 1400 2757 Lat·

351 2783 489 2850 trintono,
525 2786 605 2841 filius
632 2784 775 2841 Willclmi
803 2787 839 2841 dc
864 2785 1079 2859 Lcttryntono,²
1102 2805 1156 2858 pro
1182 2787 1281 2844 saluts
1304 2786 1400 2842 anina

351 2885 424 2923 mem
454 2878 486 2925 et
514 2877 733 2926 antecessorum
763 2889 905 2937 meorum,
937 2870 1079 2936 concessi,
1111 2875 1142 2926 et
1178 2871 1234 2927 hac
1271 2868 1400 2943 praesenti

350 2960 432 3007 carta
456 2971 522 3009 mea
546 2955 726 3020 confirmavi,
753 2955 827 3020 Deo,
854 2962 884 3011 ot
910 2955 1042 3011 ccclesia
1073 2954 1176 3012 Sancti
1206 2955 1290 3011 Petri
1320 2954 1400 3010 Glou·

350 3038 476 3102 cestriae,
524 3047 555 3094 et
597 3040 749 3095 monachis
791 3039 902 3095 ibidem
944 3039 1007 3095 Deo
1050 3040 1259 3105 servientibus,
1308 3055 1399 3094 omnes

349 3121 520 3178 donationes
557 3131 588 3179 et
624 3125 831 3181 conventiones
874 3143 946 3196 quas
989 3130 1073 3196 potor
1116 3142 1201 3180 meus
1238 3124 1399 3181 willelnus

349 3206 386 3260 dc
410 3207 595 3263 Lcttrintonc
621 3210 735 3264 eisdem
761 3209 912 3265 monachis
942 3227 995 3281 por
1026 3216 1122 3266 cartas
1154 3229 1224 3266 suas
1256 3210 1340 3275 secit;
1370 3214 1399 3262 ut

348 3290 474 3346 habeant
503 3299 534 3347 ct
562 3300 683 3348 teneant
713 3294 812 3349 omnia
851 3312 1033 3366 quaecunque
1063 3301 1147 3368 pater
1178 3313 1264 3350 meus
1296 3292 1398 3348 eisdem

348 3376 498 3431 monachis
517 3376 609 3442 dedit,
629 3385 660 3432 ct
678 3379 768 3433 cartis
793 3379 855 3433 suis
879 3379 1072 3444 confirmavit,
1093 3380 1123 3434 in
1147 3385 1238 3444 terra,
1259 3384 1289 3433 et
1311 3384 1398 3450 prato,
1476 3436 1478 3441 ,

349 3468 380 3513 ct
397 3459 494 3524 bosco,
515 3469 545 3516 ct
563 3470 694 3533 pastura,
715 3472 745 3518 ct
763 3464 898 3519 omnibus
924 3463 991 3518 aliis
1010 3464 1198 3535 pertinentiis
1217 3464 1290 3527 suis,
1310 3462 1398 3533 plene,

348 3550 379 3598 ct
398 3545 523 3617 integre,
544 3555 574 3601 ot
591 3548 722 3618 pacifice,
743 3548 821 3603 sicut
844 3549 875 3602 in
893 3548 983 3603 cartis
1008 3550 1101 3620 patris
1124 3549 1185 3603 mci
1203 3550 1319 3620 plenius
1337 3564 1398 3602 con·

348 3627 460 3684 tinctor
478 3630 542 3684 sinc
560 3631 639 3685 omni
657 3633 816 3696 vexatione,
834 3639 865 3687 et
888 3631 1038 3688 exactione
1061 3633 1109 3687 vel
1134 3632 1280 3688 demanda
1297 3631 1334 3688 ad
1356 3646 1398 3684 mo

347 3713 395 3766 vcl
424 3714 555 3770 haeredes
582 3733 663 3770 meos
690 3716 864 3787 pertinento,
891 3723 1012 3788 excepto
1042 3710 1189 3773 sorins'cco
1217 3714 1347 3779 servitio,
1372 3720 1399 3768 ct

347 3798 438 3853 salvis
465 3801 538 3854 mihi
564 3801 595 3855 in
621 3806 743 3872 pastura
769 3799 915 3856 dictorum
938 3803 1148 3858 monachorum
1172 3802 1269 3858 nibus
1287 3799 1398 3857 averiis.

347 3881 484 3939 Concedo
504 3886 593 3939 ctiam
606 3884 688 3940 illam
707 3885 929 3941 conventionem
948 3904 1037 3956 quam
1054 3895 1139 3958 pater
1157 3903 1243 3943 meus
1256 3884 1398 3958 praedict-is

345 3968 496 4022 monachis
515 3968 595 4032 fecit,
616 3969 731 4025 scilicet
754 3969 832 4040 quod
856 3970 892 4024 de
910 3976 991 4026 terra
1014 3971 1067 4026 illa
1085 3990 1152 4044 qum
1170 3972 1246 4027 mihi
1264 3971 1399 4027 remansit

345 4048 377 4102 in
402 4050 476 4104 villa
502 4052 539 4105 do
564 4052 758 4118 Lettrintone‚
779 4070 834 4109 neo
859 4054 950 4109 alicui
972 4053 1108 4122 vendam,
1129 4073 1184 4112 nco
1211 4056 1396 4118 excambiam,

344 4149 399 4186 nco
417 4134 448 4187 in
465 4134 666 4191 vadimonium
684 4136 810 4204 tradam,
824 4138 883 4193 nisi
902 4139 975 4211 ipsis
994 4141 1155 4206 monachia,
1169 4142 1219 4197 vel
1238 4156 1397 4214 percorum

343 4217 500 4271 consilium
518 4227 549 4272 ct
566 4221 757 4276 voluntatem.

378 4300 418 4356 Et
435 4310 470 4357 nt
487 4302 545 4358 iata
561 4321 629 4359 mea
645 4306 797 4362 concessio
815 4314 846 4364 ot
864 4290 1054 4376 confirmatio,
1075 4316 1132 4366 eto.

375 4507 381 4536 ¹
400 4505 671 4573 Thisisarepetition
685 4513 717 4561 of
732 4511 775 4562 the
791 4527 846 4578 pre·
930 4512 1024 4578 ²fi1ius
1045 4510 1161 4566 willelmi
1178 4513 1209 4567 dc
1229 4512 1393 4583 Lettryntom]

340 4586 548 4654 effingeham,
561 4588 610 4640 No.
623 4590 846 4656 cccmffitt
896 4592 1010 4645 Inserted
1028 4594 1056 4646 in
1077 4596 1120 4647 the
1139 4597 1243 4664 margin
1261 4598 1314 4649 ina
1329 4596 1395 4649 dits

339 4667 745 4735 ooneonimportantvsriatiom.
896 4675 1039 4727 renthand
