3158 5610
348 808 415 873 360
638 818 888 873 esurumsrmr
910 822 1119 873 rorssrnnn

347 996 459 1061 villam,
487 996 517 1051 in
544 994 691 1053 Kenescia
704 996 742 1052 sd
767 1014 900 1069 grossam
924 996 1039 1069 spinam
1064 1014 1125 1051 una
1151 992 1239 1051 scra¹
1259 998 1291 1050 et
1318 1008 1411 1047 unum

350 1080 541 1149 quarterium,
570 1081 601 1136 ia
626 1081 728 1136 eodem
752 1081 818 1137 loeo
843 1099 948 1139 versus
965 1082 1067 1137 villam
1084 1098 1144 1137 una
1169 1096 1242 1135 acro
1259 1086 1293 1134 et
1315 1093 1411 1131 naum

351 1164 541 1235 quarterium,
573 1165 604 1219 in
628 1164 815 1221 'l'renlehulls
844 1183 905 1221 una
932 1183 1002 1223 aera
1028 1171 1061 1221 et
1094 1182 1186 1220 unum
1223 1161 1411 1235 quarterium

350 1266 453 1304 versus
472 1266 605 1320 grossam
623 1249 745 1321 spinam,
765 1249 796 1305 in
814 1251 917 1306 eodem
928 1251 993 1305 loco
1004 1266 1065 1304 una
1080 1266 1149 1305 scra
1165 1253 1198 1305 et
1208 1264 1304 1303 unum
1321 1262 1410 1318 qum·

351 1332 459 1387 cerium
478 1350 580 1387 versus
594 1332 706 1397 villum,
720 1333 751 1389 in
763 1332 906 1389 Gerstono
920 1333 1007 1405 juxta
1023 1340 1085 1389 tres
1103 1350 1185 1388 sores
1204 1332 1243 1387 de
1260 1328 1411 1387 escambio

352 1414 418 1469 ‹luae
439 1433 514 1471 sorae
541 1422 573 1471 et
596 1434 687 1471 unum
714 1417 906 1488 quarterium,
933 1435 970 1472 ox
1001 1416 1137 1472 orientali
1161 1421 1247 1487 parte
1273 1412 1410 1485 ejusdem

352 1499 496 1555 Gerstono
522 1501 587 1555 dum
614 1519 689 1556 serre
714 1507 745 1557 et
769 1518 861 1557 unum
888 1501 1079 1573 quarterium,
1097 1501 1130 1555 in
1153 1500 1184 1555 la
1208 1498 1327 1555 Breeho
1350 1502 1411 1552 tres

352 1602 428 1639 eorm
446 1591 477 1638 et
494 1584 617 1639 dimidia
633 1604 736 1641 versus
754 1586 864 1641 villam.
903 1586 976 1641 Haeo
993 1586 1091 1640 omnia
1107 1583 1278 1655 supradicta
1292 1580 1364 1637 dedi
1381 1586 1412 1635 et

351 1668 481 1723 concessi
500 1670 648 1739 prredictis
666 1670 763 1727 abbati
781 1677 812 1727 et
829 1670 993 1735 conventui,
1014 1687 1067 1742 pro
1086 1669 1179 1725 salute
1197 1667 1307 1723 animm
1326 1682 1409 1728 mem,

351 1758 382 1807 et
399 1753 562 1807 animarum
580 1760 797 1810 antecessorum
814 1771 946 1809 meorum
965 1760 994 1809 et
1005 1753 1165 1817 haeredum,
1185 1769 1255 1807 cam
1272 1748 1411 1805 omnibus

351 1836 438 1891 robus
450 1843 481 1892 et
498 1837 683 1894 libertatibus
695 1838 732 1893 od
749 1837 904 1910 praedictas
916 1843 1010 1893 torres
1029 1844 1060 1892 et
1070 1836 1156 1892 feoda
1172 1834 1409 1907 pertinentibus;

351 1922 483 1977 habende
501 1930 531 1977 ot
548 1923 673 1978 tenenda
690 1922 801 1978 eisdem
819 1922 918 1977 abbati
935 1928 966 1977 et
988 1921 1142 1977 conventui
1167 1927 1198 1976 et
1216 1936 1322 1975 eorum
1346 1934 1410 1973 suc·

351 2006 516 2062 cursoribus
535 2007 570 2062 de
589 2024 636 2062 mc
657 2014 687 2063 et
704 2006 869 2062 hieredibus
886 2006 960 2061 meis
973 2006 1004 2061 in
1021 2012 1194 2077 perpetuam
1205 2002 1408 2066 elemosinam,

351 2091 483 2146 limiondo
495 2091 673 2148 forinsecum
690 2092 844 2148 servitium
863 2098 1004 2162 quantum
1022 2091 1059 2146 ad
1076 2098 1170 2146 terres
1188 2094 1222 2145 et
1238 2087 1327 2144 feoda
1343 2104 1408 2158 quse

351 2176 394 2231 eis
421 2175 489 2230 dedi
513 2176 642 2246 pertinet
658 2194 712 2248 pro
730 2176 808 2231 omni
827 2175 956 2231 servitio.
994 2175 1035 2231 Et
1059 2191 1114 2247 ego
1139 2180 1170 2230 et
1195 2172 1332 2229 haeredes
1350 2170 1408 2226 mei

350 2259 603 2316 warantizabimus
622 2261 733 2316 eisdem
751 2260 850 2316 abbati
868 2265 898 2315 et
915 2259 1069 2315 conventui
1087 2265 1239 2314 eteorum
1258 2272 1408 2312 successo·

350 2343 433 2398 ribus
459 2349 551 2399 totam
575 2345 747 2416 praedictam
773 2350 883 2400 torrem
909 2351 940 2400 et
956 2343 1054 2399 omnis
1070 2341 1212 2415 praedicta
1235 2340 1324 2396 seoda
1340 2356 1408 2395 cum

351 2427 535 2498 pertinentiis
555 2446 620 2499 qus)
639 2430 681 2485 eis
709 2429 777 2484 dedi
803 2435 904 2484 contra
921 2446 1021 2484 omnes
1045 2433 1149 2499 gentes
1166 2428 1200 2482 in
1223 2430 1407 2498 perpetuum.

351 2511 391 2565 Et
408 2511 559 2567 sciendum
578 2512 655 2583 quod
680 2531 736 2583 ego
754 2512 921 2568 Willelmns
944 2528 998 2567 nec
1016 2511 1100 2575 dabo,
1120 2528 1174 2567 nec
1190 2509 1330 2575 rendam,
1355 2527 1407 2564 nec

352 2594 515 2662 irradiabo,
547 2597 676 2667 aliquam
705 2604 820 2668 partem
850 2597 929 2652 illius
959 2603 1047 2652 terrae
1077 2613 1143 2667 quur
1172 2593 1247 2651 mihi
1276 2598 1408 2649 remanet

352 2680 450 2745 alicui,
473 2681 530 2737 nisi
556 2681 706 2753 prmdiotis
732 2680 891 2746 monachis,
920 2680 969 2735 vol
995 2697 1169 2751 percorum
1196 2678 1354 2735 consilium
1377 2686 1407 2733 et

352 2765 541 2821 voluntatem.

386 2850 425 2905 Et
443 2858 477 2905 ut
494 2851 557 2907 hrec
575 2868 641 2905 mea
658 2849 775 2906 donatio
793 2856 824 2906 et
850 2850 998 2906 concessio
1024 2855 1089 2905 rata
1105 2848 1146 2906 sit
1171 2855 1203 2905 et
1232 2846 1403 2905 inconcusse

349 2940 528 3005 permaneat,
547 2952 613 2991 eam
630 2935 721 3007 sigilli
741 2936 800 2991 mei
817 2936 978 2991 munitione
996 2934 1141 2991 roborari.
1179 2933 1251 2991 Hiis
1268 2931 1402 2991 testibus.

664 3217 878 3285 CCOLVIII.
901 3214 951 3284 Dc
973 3215 1093 3284 corlant.

388 3354 488 3409 Sciant
505 3361 663 3426 praesentes
681 3362 711 3411 et
728 3355 830 3421 futuri,
851 3354 929 3426 quod
947 3373 1001 3427 ego
1020 3353 1188 3410 Willelnrus
1215 3352 1252 3408 dc
1278 3352 1400 3409 Lettrin·

352 3444 419 3494 tono
437 3439 515 3494 lilius
535 3440 676 3495 Willelmi
700 3440 737 3494 do
768 3440 949 3495 Lettrintone
975 3438 1043 3493 dedi
1070 3444 1100 3493 ot
1126 3436 1268 3503 concessi,
1298 3444 1329 3492 et
1350 3436 1401 3490 hac

352 3529 494 3594 praesento
520 3530 600 3579 corte
624 3541 690 3578 mea
708 3522 897 3587 ¹confirmari,
929 3539 982 3594 pro
1013 3522 1106 3577 salute
1137 3521 1244 3576 animm
1272 3538 1346 3575 meir.
1374 3526 1402 3574 et

351 3610 515 3664 animarum
533 3614 749 3664 autecessorum
767 3614 798 3662 ot
814 3607 963 3663 haercdum
981 3624 1122 3672 meorum,
1138 3605 1212 3671 Deo,
1226 3613 1257 3660 et
1274 3603 1401 3659 ecclesie

352 3693 452 3750 Sancti
470 3694 549 3749 Petri
570 3693 770 3757 Gloocestrim,
784 3698 815 3747 et
832 3692 980 3746 monachis
999 3690 1108 3745 ibidem
1121 3688 1184 3743 Deo
1197 3687 1400 3752 servientibus,

349 3786 414 3833 octo
433 3797 515 3833 acras
534 3785 619 3832 terrm
638 3794 710 3831 meae
722 3776 753 3829 iu
771 3775 952 3830 Lettrintone
971 3781 1001 3829 et
1019 3773 1171 3829 dimidiam
1189 3790 1258 3827 cum
1270 3771 1401 3827 omnibus

349 3863 533 3931 pertiuentiis
553 3862 623 3925 suis,
645 3878 769 3932 quarum
788 3877 839 3915 sex
856 3877 931 3915 acroe
946 3859 1047 3928 jacent
1065 3857 1103 3912 ad
1123 3874 1259 3928 grossam
1270 3855 1399 3930 spinam,

349 4036 414 4083 octo
432 4048 507 4084 acrae
526 4037 556 4085 ot
574 4029 696 4085 dimidia
722 4034 791 4084 sunt
817 4027 853 4081 de
880 4027 998 4082 residuo
1024 4034 1111 4081 terrae
1138 4042 1212 4079 metu
1241 4042 1309 4095 qum
1331 4021 1401 4078 mihi

347 4114 489 4169 remonuit
506 4122 572 4185 post
589 4114 715 4185 primam
733 4113 918 4167 donationem
941 4128 1030 4182 qumn
1042 4111 1098 4165 feci
1110 4109 1260 4181 praedictas
1273 4107 1401 4165 ecclesia

348 4202 379 4250 et
406 4197 516 4251 eisdem
541 4197 708 4263 monaehis3
728 4196 875 4252 habendas
901 4201 931 4250 et
957 4194 1096 4251 tenendas
1114 4193 1228 4248 eisdem
1252 4192 1351 4248 abbati
1374 4195 1402 4245 et

348 4282 503 4336 conventui
521 4288 551 4337 et
569 4300 669 4336 eorum
688 4281 905 4337 successoribus
924 4279 960 4333 do
977 4295 1025 4333 me
1043 4284 1073 4333 ot
1089 4277 1256 4333 haeredibus
1281 4277 1356 4332 meis
1372 4275 1402 4329 in

348 4372 519 4437 perpetuam
537 4366 734 4433 elemosinam,
754 4364 886 4422 faciendo
904 4364 1080 4420 forinsecum
1093 4362 1248 4420 servitium
1261 4370 1401 4433 quantum

381 4662 436 4713 'orl
449 4679 557 4730 orcarum
574 4663 677 4730 'spinum
702 4679 752 4714 rina
769 4662 844 4729 uera]
927 4658 1068 4726 ²dimidia]
1088 4656 1227 4721 dlmidism,
1239 4657 1296 4711 MS.

346 4743 473 4810 llepeated
483 4744 510 4794 in
521 4744 579 4796 MS.
