3158 5610
415 774 480 840 364
705 786 957 841 csnrunsmeu
979 786 1189 841 uonnsrnen

415 960 504 1017 habet
521 980 557 1016 ex
574 966 743 1018 transverso
761 962 916 1018 duodecim
932 980 1067 1019 acrarum
1093 961 1171 1034 apud
1189 976 1326 1032 grossam
1343 957 1473 1030 spinam,

415 1053 446 1100 et
472 1046 538 1102 duas
563 1065 639 1102 acras
667 1052 698 1102 et
721 1046 846 1102 dimidia
870 1047 902 1102 in
928 1045 1177 1118 Trenleycshullo‚
1198 1051 1229 1101 et
1252 1043 1320 1099 dum
1346 1060 1426 1099 acrae
1444 1046 1476 1096 et

415 1129 538 1185 dimidia
555 1130 586 1185 in
610 1131 726 1186 cultura
745 1149 810 1202 quoe
828 1130 937 1186 dicitur
957 1131 1088 1200 Stsnley‚
1114 1135 1145 1185 et
1168 1146 1221 1185 sax
1237 1146 1314 1184 acrae
1332 1127 1366 1182 in
1384 1126 1476 1181 Suth-

414 1214 493 1269 folde
511 1213 589 1287 apud
607 1214 777 1286 Grenewey,
804 1233 870 1286 quae
894 1214 1009 1272 scilicet
1025 1213 1134 1286 viginti
1152 1211 1218 1268 duae
1236 1229 1313 1268 acrae
1339 1216 1413 1266 sunt
1436 1209 1474 1264 de

414 1299 532 1354 residuo
551 1306 637 1354 terrae
655 1316 729 1354 mesa
747 1318 813 1370 quse
831 1299 904 1355 mihi
916 1299 1136 1370 remansitpost
1148 1297 1274 1371 primam
1286 1294 1473 1352 donationem

415 1400 502 1454 quam
521 1383 744 1462 feci‘praediotoe
763 1384 894 1440 ecclesias
912 1391 943 1439 et
959 1383 1110 1456 predictis
1128 1381 1298 1447 monachis;
1323 1379 1473 1436 habendes

414 1472 445 1522 et
456 1465 594 1522 tenendas
612 1466 723 1522 eisdem
740 1466 888 1524 monachis
907 1473 938 1523 et
955 1485 1058 1523 corum
1075 1465 1307 1531 suecessoribus,
1320 1463 1359 1519 de
1376 1482 1426 1519 me
1443 1470 1475 1520 et

414 1550 580 1607 haeredibus
598 1552 683 1617 mois,
703 1551 734 1606 in
753 1551 886 1617 liberam,
900 1570 1015 1625 puram,
1029 1557 1060 1608 et
1070 1557 1243 1624 perpetuam
1260 1548 1473 1615 elemosinam

415 1635 548 1690 iaciendo
566 1634 745 1691 forinsecum
762 1635 918 1691 servitium
931 1642 1072 1707 quantum
1090 1635 1128 1690 ad
1146 1641 1259 1691 tentam
1277 1639 1392 1689 terram
1408 1649 1474 1705 per·
1496 1706 1499 1711 1

414 1718 489 1774 tinet
507 1736 561 1790 pro
588 1719 668 1774 omni
695 1720 826 1776 servitio.
863 1720 903 1775 Et
929 1738 984 1792 ego
1009 1719 1178 1776 Willolmus
1203 1726 1235 1774 et
1260 1717 1397 1773 haeredes
1414 1717 1474 1772 mei

414 1804 669 1859 warantizabimus
687 1804 798 1860 eisdem
817 1804 967 1859 monachis
985 1809 1016 1860 et
1034 1822 1136 1859 eorum
1154 1802 1380 1860 successoribus
1399 1819 1473 1873 prae·

414 1887 507 1943 diotae
525 1887 634 1959 viginti
652 1887 725 1944 duas
743 1907 825 1944 acras
844 1906 911 1943 oum
929 1888 1116 1959 pertinentiis
1135 1906 1210 1959 quas
1228 1888 1273 1943 eis
1290 1885 1360 1942 dedi
1372 1892 1474 1942 contra

414 1990 516 2028 omues
534 1972 669 2028 homines
687 1980 718 2028 et
734 1973 869 2030 soeminas
888 1973 1122 2045 inperpetuum.

449 2057 489 2112 Et
505 2062 540 2113 ut
556 2057 619 2113 haeo
638 2075 704 2113 mea
722 2057 850 2124 donatio,
870 2064 927 2113 eto.

729 2227 935 2297 cocuxvl.
959 2228 1009 2295 Dc
1032 2228 1153 2296 eodeni.

451 2365 551 2423 Sciant
568 2371 728 2438 presentes
746 2365 897 2433 erraturi,
918 2364 986 2423 cte.l

721 2562 944 2631 cconxvll.
970 2563 1017 2630 Dc
1038 2562 1159 2631 cedent.

451 2708 553 2765 Sciant
580 2715 740 2781 pressantes
768 2714 799 2765 et
824 2708 927 2776 futuri,
961 2708 1039 2782 quod
1066 2726 1123 2781 ego
1152 2708 1301 2765 Robortus
1333 2707 1372 2764 de
1402 2707 1466 2763 Let-

413 2793 551 2861 trintone,
588 2794 667 2850 filius
695 2793 838 2849 willelmi
865 2795 901 2850 dc
927 2790 1141 2866 Lcttryntono,²
1163 2811 1218 2865 pro
1243 2792 1341 2850 solute
1365 2792 1465 2848 anima

413 2895 486 2933 mcae
517 2886 548 2934 et
576 2885 796 2934 antecessorum
825 2896 968 2944 meorum,
1000 2877 1141 2943 concessi,
1173 2884 1205 2933 et
1238 2877 1296 2933 hac
1331 2874 1465 2949 proescnti

413 2968 495 3018 carta
518 2981 585 3019 mea
609 2962 789 3028 confirmavi,
816 2963 889 3028 Deo,
916 2969 947 3019 et
973 2963 1104 3018 ecciesiae
1135 2960 1237 3018 Sancti
1267 2962 1352 3017 Petri
1383 2960 1465 3016 Glou·

413 3048 539 3112 cestriae,
587 3055 617 3104 et
660 3048 811 3104 monachis
854 3047 965 3103 ibidem
1006 3047 1069 3102 Deo
1112 3045 1320 3111 servientibus,
1370 3061 1463 3101 omncs

413 3131 583 3189 donationes
621 3141 651 3189 et
686 3132 894 3189 conventiones
936 3151 1008 3204 quas
1051 3138 1136 3204 pater
1177 3149 1262 3187 meus
1298 3130 1462 3186 Willelmus

412 3216 449 3271 de
474 3217 658 3273 Lettrintono
684 3219 796 3274 eisdem
823 3217 974 3273 monachis
1004 3234 1057 3289 per
1088 3221 1184 3273 cartas
1215 3235 1285 3273 suas
1316 3216 1404 3282 secit;
1434 3219 1463 3268 ut

412 3301 537 3356 habeant
567 3309 597 3358 et
626 3309 746 3358 teneant
775 3301 874 3357 omnia
913 3319 1095 3373 quiscunque
1124 3308 1209 3374 pater
1238 3319 1324 3356 meus
1357 3299 1461 3355 eisdem

411 3387 561 3442 monachis
581 3387 672 3453 dedit,
692 3394 723 3442 et
740 3387 830 3443 cartis
855 3386 917 3442 suis
941 3386 1134 3450 confirmavit,
1155 3387 1186 3440 in
1208 3391 1298 3450 terra,
1319 3391 1350 3440 ct
1373 3389 1460 3456 prato,

412 3476 443 3524 et
460 3471 557 3536 bosco,
578 3478 609 3526 ct
626 3479 757 3542 pastura,
778 3480 808 3527 ct
826 3471 961 3526 omnibus
986 3470 1054 3526 aliis
1072 3470 1260 3542 pertinentiis
1279 3470 1351 3533 suis,
1371 3469 1460 3540 plene,

412 3561 443 3610 et
461 3556 586 3628 integre,
607 3564 637 3611 ct
654 3557 784 3627 pacifice,
806 3556 884 3611 siout
906 3554 1046 3611 incertis
1070 3555 1163 3627 patris
1187 3555 1246 3609 mei
1265 3555 1382 3626 plenius
1400 3569 1459 3609 con·

411 3638 523 3695 tinetur
541 3641 604 3696 sine
623 3640 703 3695 omni
720 3640 878 3703 vexatione,
897 3646 928 3694 ct
951 3639 1101 3695 exactione
1124 3640 1172 3695 vel
1196 3639 1342 3694 demanda
1359 3637 1396 3694 ud
1418 3652 1460 3690 me

411 3725 459 3779 vel
486 3724 618 3780 haeredes
645 3741 726 3779 meos
753 3724 927 3795 pertinente,
954 3730 1075 3794 excepto
1105 3717 1251 3780 forinseco
1279 3720 1410 3786 servitio,
1434 3725 1461 3774 ct

411 3810 502 3865 salvis
528 3811 601 3865 mihi
627 3810 659 3864 in
685 3815 807 3880 pastura
833 3808 978 3864 dictorum
1001 3810 1210 3865 monachorum
1233 3809 1331 3864 tribus
1349 3805 1460 3863 averiis.

412 3893 548 3950 Concedo
567 3896 657 3950 etiam
669 3894 752 3949 illem
771 3893 992 3949 conventionem
1011 3911 1100 3963 quam
1117 3901 1202 3965 pater
1218 3910 1304 3949 meus
1317 3890 1460 3965 proedictis

411 3979 561 4034 monachis
579 3979 659 4042 fecit,
680 3978 795 4034 scilieet
818 3977 896 4050 quod
919 3978 1055 4033 deterre
1078 3977 1131 4033 illa
1148 3996 1214 4049 quae
1232 3979 1308 4033 mihi
1325 3977 1462 4033 remansit

411 4061 443 4115 in
467 4062 541 4116 villa
567 4062 603 4117 de
629 4062 823 4126 Lettrintone‚
843 4079 898 4118 neo
923 4061 1013 4118 alicui
1036 4061 1171 4128 vendam,
1192 4079 1246 4118 nec
1273 4063 1459 4125 excambium,

410 4163 465 4200 nee
483 4147 514 4200 in
531 4145 731 4200 vadimonium
749 4146 874 4212 tradam,
889 4146 947 4201 nisi
966 4146 1039 4219 ipsis
1057 4147 1218 4214 monachis,
1231 4147 1282 4203 vol
1299 4164 1354 4219 per
1365 4162 1460 4203 eorum

410 4230 566 4284 consilium
585 4236 615 4285 ct
631 4231 822 4286 voluntatem.
989 4299 991 4306 y

445 4314 485 4369 Et
502 4321 537 4370 ut
553 4314 611 4370 ista
627 4333 694 4371 mee
711 4315 862 4372 concessio
880 4321 911 4372 et
928 4315 1118 4383 confirmatio,
1139 4322 1195 4373 etc.

443 4523 449 4553 ¹
468 4520 533 4572 This
544 4519 567 4571 is
578 4522 737 4586 arepetition
751 4524 783 4572 os
797 4521 840 4573 the
856 4536 911 4587 pre·
995 4525 1005 4553 ²
1015 4521 1088 4586 filius
1109 4519 1223 4574 Widelm'
1241 4520 1272 4574 de
1291 4518 1458 4590 Lemnon]

408 4603 501 4670 ceding
511 4600 616 4660 chonen
628 4601 677 4652 No.
690 4601 911 4666 cccnxv.,wid
962 4601 1075 4654 inserted
1092 4603 1121 4654 in
1141 4603 1184 4654 the
1202 4603 1304 4670 margin
1322 4604 1377 4655 ina
1392 4603 1460 4656 uiue

408 4682 811 4749 soneunimportsntvsriations.
962 4683 1104 4735 renthsnd
